2913 3324
607 227 768 273 XVIII

549 348 620 386 165
647 346 730 398 huj.
760 359 844 385 voc.
871 357 1007 394 usum,
1033 345 1181 394 optime
1198 369 1210 392 ,
1246 349 1290 379 ut
1314 341 1433 392 solet,
1457 341 1695 387 illustrantis3
1721 338 1909 389 exemplis
1932 337 1981 375 ab
2009 348 2083 387 eo,
2116 343 2160 373 ut
2186 335 2335 374 variam
2356 333 2437 384 ejus
2464 338 2589 370 struc-

547 420 678 451 turam
704 412 922 459 illustraret,
947 408 1089 457 allatis,
1114 406 1253 445 haecce
1278 405 1394 444 addas
1419 419 1441 444 e
1469 406 1574 444 Plut.
1604 405 1828 453 desumpta:
1857 406 1999 442 Conser.
2025 418 2105 441 cum
2130 417 2218 440 acc:
2254 398 2341 437 Cat.
2370 400 2454 436 min
2480 395 2585 434 XII.

549 478 589 515 οἱ
617 474 660 516 δὲ
688 474 821 523 ξενίαν
852 470 1094 524 ἐλάμβανον
1130 468 1434 521 ἀγαπῶντες
1468 481 1504 508 τ.
1539 468 1750 507 δοθεῖσαν.
1804 465 1948 518 Pyrrh.
1976 463 2075 503 XII.
2108 463 2316 512 α’γαπᾷν
2351 459 2424 515 μὲν
2461 457 2589 514 ἔφησε

549 543 622 581 τοῦ
651 537 785 591 δήμου
811 535 884 591 τήν
900 538 1009 588 πρὸς
1033 534 1162 576 αὐτὸν
1189 531 1347 576 εὔνοιαν
1373 535 1441 572 καὶ
1460 537 1611 579 πίστιν,
1632 532 1701 570 ubi
1720 529 1864 570 Baehr.
1878 550 1928 557 —
1945 534 2115 570 Absolute
2131 534 2258 583 positi:
2284 527 2426 578 Pomp.
2441 523 2591 564 XXII:

547 606 614 644 καὶ
642 601 782 657 μέντοι
815 600 1034 655 Πομπήϊος
1059 598 1341 654 ἠγάπησεν,
1369 597 1593 637 XXXIII.
1620 595 1690 635 ἐπὶ
1727 593 1889 640 τούτοις
1924 590 1947 628 ὁ
1982 589 2055 646 μὲν
2089 589 2286 643 Τιγράνης
2318 588 2587 644 ἠγάπησεν.

548 668 751 719 Sequente
775 671 963 720 parde-ula
988 666 1046 705 sl:
1074 664 1159 703 Cat.
1180 679 1235 702 m.
1264 661 1437 701 XXIII:
1462 657 1792 712 καθαπτομένου
1815 659 1889 695 τοῦ
1906 654 2183 708 Ιίαίσαρος-
2209 652 2494 708 δεδιττομένου
2520 651 2589 707 τὴν

548 730 721 783 βουλήν,
747 730 812 782 ἐφ’
840 727 901 777 οἷς
926 726 1055 769 αὐτὸν
1081 724 1166 768 ἔδεέ
1191 725 1364 768 δεδιέναι
1391 726 1458 764 καὶ
1486 724 1709 774 ἀγαπᾷν,
1736 723 1773 762 εἰ
1799 724 1878 761 τῶν
1904 718 2130 771 γεγονότων
2155 719 2306 769 άθῴος
2331 717 2591 767 ἀπαλλάξαι.

550 795 656 836 Cum
688 801 904 850 partie-ipah:
938 801 1115 833 nostrum
1142 793 1180 831 h.
1212 793 1364 842 locum,
1394 804 1511 842 porro
1538 789 1624 829 Cat.
1650 803 1705 827 m.
1731 786 1898 837 LVIII,
1930 784 1966 823 εἰ
2000 782 2055 840 μή
2092 783 2219 839 μόνον
2244 779 2372 830 αὐτὸς
2406 781 2589 832 ἀγαπᾷ

549 858 781 911 καθήμενος
816 855 859 895 ἐν
902 854 1023 895 πόλει
1062 856 1131 894 καὶ
1170 861 1353 908 τείχεσιν.
1418 855 1501 895 Cic.
1539 854 1661 893 XIX.
1705 852 1753 892 οὐ
1788 852 1867 903 γάρ
1914 849 2202 901 ἀγαπήσειν
2245 845 2516 900 μετριώτερόν
2557 860 2588 883 τι

548 920 738 960 θανάτου
773 918 1007 968 παθόντας.
1048 920 1212 959 Romul.
1240 919 1384 958 XXV.
1429 920 1469 956 οἱ
1504 917 1856 970 δ’άσθενὲστεροι,
1898 912 2169 964 τυγχάνοντες
2194 911 2340 960 ἀδείας
2367 909 2589 964 ἠγάπων.

545 984 669 1024 Num.
705 984 780 1023 IV.
816 981 886 1033 οὓς
922 985 962 1023 οἱ
996 981 1157 1034 Φρύγες
1192 1006 1243 1015 -
1287 980 1608 1035 παραλαβόντες
1642 979 1921 1034 ἠγάπησαν.
1981 978 2123 1031 Pyrrh.
2158 977 2210 1014 V.
2246 977 2314 1029 καὶ
2348 972 2402 1027 μή
2441 975 2589 1026 μερίδα

546 1048 689 1102 μικρὸν
734 1046 886 1100 ἔχοντα
921 1045 988 1098 ’άγ
1000 1049 1110 1098 απᾷ
1118 1062 1137 1085 ν
1182 1057 1252 1087 etc.
1293 1069 1341 1075 —
1395 1046 1535 1086 Caesar
1577 1048 1693 1097 igitur
1739 1058 1819 1083 non
1860 1050 2063 1083 contentus
2101 1044 2204 1081 vitae
2246 1040 2467 1080 conditione
2509 1047 2590 1077 tuta

549 1114 709 1164 quidem
736 1122 775 1151 et
801 1126 933 1151 secura
958 1112 1024 1151 sed
1051 1113 1195 1164 gloriae
1230 1124 1540 1163 magnarumque
1578 1124 1711 1149 rerum
1743 1117 1920 1160 experte,
1952 1115 2105 1146 tantum
2131 1106 2270 1157 abfuit,
2305 1114 2349 1143 ut
2375 1107 2416 1143 in
2451 1104 2589 1142 umbra

547 1176 853 1216 delitescendum
884 1177 956 1216 sibi
981 1185 1158 1229 putaret,
1194 1186 1236 1215 ut
1263 1178 1329 1216 vel
1353 1188 1457 1214 nunc
1483 1178 1526 1214 in
1559 1175 1722 1212 civitafis
1747 1173 1875 1210 lucem
1898 1171 2083 1224 prodiret,
2107 1170 2363 1209 sacerdotium
2389 1182 2411 1207 a
2438 1168 2584 1220 populo

550 1243 759 1291 petiturus,
784 1240 889 1292 quod
915 1239 1063 1279 Marius
1087 1249 1206 1292 atque
1232 1240 1360 1280 Cinna
1387 1241 1483 1278 oum
1510 1241 1547 1278 ei
1575 1238 1872 1276 destinaverant.

664 1330 800 1372 άλλά
826 1331 1007 1387 μετιών
1034 1330 1309 1385 ἱερωσύνην
1337 1330 1410 1380 εἰς
1437 1346 1469 1370 τ.
1500 1331 1658 1384 δῆμον
1685 1327 1970 1382 προῆλθεν,
1996 1326 2139 1368 οὔπω
2166 1329 2298 1368 πάνυ
2325 1327 2587 1381 μειράκιον

545 1397 615 1437 ὤν.
632 1421 681 1429 -
706 1396 898 1448 μετιέναι,
925 1393 1204 1448 μετέρχεσθαί
1232 1407 1280 1439 τι,
1306 1397 1362 1432 ire
1389 1394 1483 1445 quid
1509 1396 1689 1445 petitum,
1713 1405 1902 1431 arcessere
1928 1392 2117 1440 (Valken.
2142 1392 2191 1430 ad
2215 1392 2363 1431 Herod.
2394 1391 2459 1430 III
2468 1420 2481 1443 ,
2508 1393 2588 1440 19.)

541 1463 673 1513 verba,
696 1470 741 1501 ut
766 1461 968 1511 μνᾶσθαι,
995 1457 1242 1512 μνηστεύειν,
1269 1455 1585 1510 παραγγέλλειν,
1609 1458 1797 1495 solemnia
1823 1458 1872 1494 de
1891 1456 2170 1506 magistratibus
2196 1456 2427 1508 ambiundis‚
2452 1456 2501 1494 ad
2526 1468 2589 1494 sa-

545 1526 717 1564 cerdotia
742 1524 846 1575 inde,
863 1507 973 1561 inter
1000 1523 1226 1575 magistatus
1253 1520 1411 1572 quIdem
1437 1532 1517 1559 non
1542 1520 1672 1560 habita
1699 1521 1769 1569 (cs.
1796 1521 1943 1560 Adam.
1971 1523 2147 1573 antiquit.
2170 1520 2297 1560 Rom.
2325 1535 2364 1573 p.
2391 1523 2479 1572 552,
2504 1523 2589 1559 col-

543 1593 609 1629 lat.
637 1603 726 1640 pag.
755 1591 836 1626 200
862 1596 901 1625 et
926 1590 1012 1625 526.
1037 1587 1156 1624 Tom.
1181 1587 1242 1629 I.)
1267 1586 1333 1623 sed
1359 1599 1381 1622 a
1409 1586 1556 1636 populo
1584 1585 1764 1637 petenda,
1789 1586 1969 1624 translata
1994 1594 2095 1624 sunt.
2145 1583 2363 1637 Ἰερωσύνι]
2389 1597 2505 1636 vero,
2531 1585 2579 1624 de

543 1666 620 1705 qua
646 1652 765 1691 verba
790 1650 881 1690 facit
906 1649 1036 1699 Plut.‚
1074 1648 1273 1701 quodnam
1308 1649 1423 1686 fuerit
1455 1649 1735 1698 sacerdotium,
1772 1664 1818 1687 ex
1855 1649 2050 1688 Suetonio
2076 1650 2267 1688 illustrant
2292 1658 2407 1701 atque
2434 1650 2589 1702 Vellejo

540 1717 709 1761 Paterc.‚
739 1727 907 1766 quorum
936 1713 1002 1751 ille
1028 1725 1066 1751 v.
1085 1711 1196 1751 Caes.
1215 1711 1246 1750 I.
1274 1712 1621 1764 „sequentibusque
1648 1714 1866 1752 consulibus
1882 1718 2016 1768 flumen
2035 1719 2156 1755 Dialis
2182 1714 2391 1753 destinatus
2406 1737 2455 1744 —
2484 1714 2588 1754 Cor·-

536 1782 684 1821 neliam
705 1780 813 1820 duxit
837 1775 1025 1818 uxorem“
1052 1790 1170 1830 porro
1196 1776 1356 1831 „Quare
1382 1786 1420 1815 et
1445 1784 1645 1818 sacerdotio
1668 1787 1706 1816 et
1733 1781 1862 1817 uxoris
1888 1779 1978 1816 dote
2005 1787 2045 1816 et
2059 1779 2263 1829 gentiliciis
2290 1778 2586 1817 haereditatibus

541 1847 763 1894 mulctatus,
788 1844 1029 1882 diversarum
1055 1845 1226 1893 partium
1255 1839 1506 1891 habebatur“,
1530 1841 1673 1892 Vellej.
1700 1841 1740 1879 11
1756 1871 1768 1893 ,
1792 1844 1843 1880 43
1870 1841 2074 1881 Caesarem
2102 1856 2225 1894 paene
2252 1855 2419 1894 puerum
2446 1856 2467 1881 a
2493 1843 2585 1883 Ma-

539 1914 599 1950 rio
624 1909 831 1960 Cinnaque
853 1911 1039 1962 flaminem
1064 1912 1212 1947 Dialem
1238 1908 1425 1946 creatum“
1450 1927 1498 1933 —
1536 1908 1698 1943 victoria
1735 1906 1872 1944 Sullae
1901 1913 2062 1946 amisisse
2091 1912 2159 1947 hoc
2191 1914 2430 1948 sacerdotium
2454 1908 2583 1947 refert.

539 1974 603 2013 En
630 1974 746 2011 habes
771 1969 821 2010 τὸ
850 1969 1083 2024 λεγόμενον,
1109 1979 1204 2022 quot
1232 1973 1378 2022 capita,
1402 1978 1460 2008 tot
1486 1983 1626 2009 sensus.
1677 1975 1878 2011 Plutarcho
1912 1980 2067 2009 auctore
2093 1990 2166 2012 non
2193 1977 2351 2019 obtinuit,
2377 1973 2489 2024 quod·
2508 1992 2582 2014 am-

539 2045 635 2079 bibat
658 2037 917 2076 sacerdotium
942 2034 1094 2087 Caesar,
1119 2049 1192 2074 nec
1217 2045 1363 2076 creatus
1388 2043 1444 2073 est
1469 2034 1613 2073 flamen
1642 2040 1775 2081 Dialis,
1790 2033 1918 2085 Sulla,
1942 2049 1993 2073 ne
2018 2036 2153 2086 populi
2178 2035 2366 2089 suffragiis
2391 2037 2431 2076 id
2456 2051 2585 2077 sacer-

540 2103 693 2143 dotIum
731 2101 943 2149 obtineret,
969 2100 1200 2151 refragante3
1232 2104 1443 2140 Suetonium
1478 2101 1509 2137 si
1536 2102 1723 2150 sequeris,
1760 2112 1863 2138 anno
1897 2102 2030 2138 aetatis
2064 2102 2230 2153 septimo
2263 2101 2415 2141 decimo
2444 2107 2581 2158 flunoen

539 2173 662 2208 Dialis
686 2172 900 2215 destinams,
926 2163 1150 2203 Corneliam
1178 2178 1267 2204 cum
1296 2164 1492 2203 dimittere
1517 2165 1651 2215 nollet,
1676 2164 1750 2203 hoc
1771 2163 1984 2203 sacerdotio
2010 2171 2197 2206 mulctatus
2222 2177 2295 2213 est3
2326 2161 2484 2220 Vellejus
2509 2168 2581 2205 de-

537 2235 658 2283 nique
684 2237 838 2280 narrat,
863 2227 1094 2280 Caesarem,
1118 2246 1235 2283 paene
1258 2245 1413 2283 puerum
1439 2246 1464 2269 a
1489 2233 1616 2269 Marto
1646 2233 1836 2286 Cinnaque
1861 2228 2065 2268 flaminem
2090 2229 2248 2269 Dialem
2274 2242 2447 2279 creatum,
2473 2239 2581 2274 υἰειο-

539 2303 599 2337 ria
625 2300 765 2342 Sullae,
792 2296 939 2346 quippe
965 2294 1034 2345 qui
1060 2295 1191 2331 omnia
1218 2293 1265 2331 ab
1291 2295 1337 2331 iis
1366 2302 1449 2332 acta
1482 2293 1627 2333 fecisset
1652 2296 1779 2346 irrita,
1820 2295 1861 2333 id
1886 2294 2143 2334 sacerdotium
2170 2297 2349 2336 amisisse.
2375 2319 2423 2324 —
2461 2296 2580 2352 Quod

535 2364 567 2400 si
593 2369 789 2410 praeterea
822 2372 981 2398 memor
1013 2359 1149 2408 fueris,
1188 2358 1359 2397 Dionem
1386 2367 1503 2410 atque
1528 2358 1734 2409 Tacitum,
1775 2359 1878 2398 hunc
1903 2361 2039 2412 utique
2064 2361 2335 2411 gravissimum
2363 2369 2583 2412 auctorem,

538 2433 694 2463 tantum
721 2424 868 2473 abesse,
892 2430 936 2461 ut
963 2423 1037 2460 hoc
1063 2421 1235 2461 Caesaris
1260 2422 1485 2462 flaminium
1512 2431 1738 2476 agnoscant,
1762 2431 1807 2462 ut
1832 2424 1940 2464 claris
1966 2423 2092 2465 verbis
2118 2433 2316 2479 testentur,
2341 2426 2431 2466 inde
2447 2440 2470 2466 a
2489 2426 2581 2466 Me·

538 2490 645 2528 miae
670 2487 841 2527 flaminis
879 2487 995 2525 caede
1029 2487 1174 2538 (quem
1207 2495 1292 2537 post
1327 2488 1495 2528 reditum
1522 2488 1694 2540 Cinnae,
1736 2502 1771 2526 a.
1800 2502 1837 2540 p.
1863 2504 1903 2527 u.
1933 2491 2007 2528 666
2035 2490 2138 2542 (87),
2164 2494 2272 2530 venis
2298 2493 2424 2530 incisis
2450 2493 2577 2543 ipsum

534 2553 608 2591 sibi
634 2560 804 2591 mortem
832 2553 1058 2590 consc1visse
1091 2558 1233 2589 notum
1261 2558 1327 2589 est.
1353 2552 1398 2590 cs.
1423 2553 1565 2605 Vellej.
1591 2553 1742 2592 Paterc.
1772 2553 1836 2603 ΙΙ,
1870 2568 1903 2592 c.
1931 2554 2021 2602 22.)
2048 2569 2171 2606 usque
2204 2556 2253 2594 ad
2280 2556 2448 2607 Augusti
2473 2564 2577 2595 tem—

536 2630 632 2668 pora
659 2614 875 2664 (Servium
901 2628 952 2653 sc.
981 2615 1340 2667 Maluginensem),
1379 2620 1499 2667 spatio
1525 2617 1715 2656 LXXVI
1742 2630 1936 2657 annorum
1965 2619 2041 2668 (sic
2066 2621 2172 2660 enim
2201 2619 2471 2672 corrigendum
2498 2635 2577 2661 esse

532 2684 574 2720 in
599 2680 749 2730 Tacito,
773 2692 845 2731 pro
871 2692 919 2718 eo
946 2678 1051 2729 quod
1077 2680 1131 2719 ibi
1156 2688 1212 2719 est
1237 2679 1428 2729 LXXII,
1453 2685 1601 2733 optime
1628 2682 1726 2722 vidit
1738 2682 1927 2734 Rualdus‚
1951 2684 2304 2736 animadvertitque
2323 2683 2577 2728 Drumannns
