2905 3331
2211 225 2307 270 XV

333 339 390 377 los
415 339 576 379 infelicis
600 345 753 378 erueret
784 347 825 378 et
854 340 1024 393 singulas
1056 342 1227 392 corporis
1259 346 1387 393 partes
1419 341 1689 393 confringeret.
1725 343 1773 380 cs.
1799 342 1906 381 Plut.
1932 341 2031 382 Sull.
2060 342 2252 383 xxxu.
2289 345 2373 385 Cic.
2900 288 2905 365 λ

332 405 383 444 de
406 417 511 446 cons.
539 412 619 455 pet.
645 418 679 443 ο.
707 404 795 457 111,
821 408 885 445 10.
908 427 959 433 —
985 405 1079 444 Fuit
1103 415 1237 445 autem
1261 408 1294 445 is
1316 405 1469 445 Marius
1497 404 1664 446 Gratidii
1689 406 1812 459 filius,
1836 421 1859 446 a
1886 413 1940 448 Μ.
1960 413 2112 456 Mario,
2136 408 2255 448 Marii
2278 424 2369 462 sep-

332 471 403 511 ties
424 468 591 513 consulis
614 470 744 524 statre,
769 476 988 525 adoptatas-,-
1015 470 1120 525 quod
1144 470 1279 511 multis
1304 470 1442 511 docere
1467 469 1717 511 Perizonium
1739 471 2016 514 Animadvers.
2043 472 2213 514 historic.
2238 488 2272 514 c.
2297 474 2376 528 111,

330 548 371 589 p.
399 536 450 576 98
473 547 580 590 seqq.
616 535 815 578 Emestius
849 538 892 577 in
924 537 1023 578 clav.
1058 536 1306 578 Ciceronian.
1339 537 1555 577 adnotavit.
1584 557 1633 566 —
1672 536 1736 577 De
1770 537 1886 577 Marii
1916 541 2078 579 minoris
2110 548 2240 580 morte
2269 542 2375 580 inter

329 602 531 652 scriptores
561 614 643 641 non
676 610 837 642 constat.
886 604 933 642 cf:
959 603 1105 653 Vellej.
1131 602 1283 640 Patere.
1309 602 1377 653 11,
1411 605 1489 641 27:
1527 603 1637 644 Tum
1663 603 1827 643 demum
1854 626 1903 632 —
1942 604 1989 644 C.
2014 605 2163 646 Marius
2188 609 2262 655 (26
2287 616 2373 646 erat

331 665 551 716 annorum)
576 679 648 719 per
670 667 870 710 cuniculos
901 673 1062 707 conatus
1086 678 1312 718 erumpere,
1347 679 1438 707 cum
1462 667 1657 710 foramine
1688 681 1712 708 e
1736 676 1839 709 terra
1865 671 2099 723 emersisset,
2133 684 2158 710 a
2183 670 2372 725 dispositis

331 732 374 769 in
399 729 441 770 id
464 733 593 783 ipsum
618 734 874 785 interemptus
898 740 968 772 est.
1022 729 1131 771 Sunt
1156 733 1224 783 qui
1248 748 1317 773 sua
1341 748 1453 772 manu
1478 732 1541 783 (in
1557 734 1604 774 iis
1629 740 1686 773 est
1710 732 1815 773 Plut.
1829 734 1931 773 Mar.
1961 737 2030 775 vit.
2051 734 2221 785 XLV1.
2243 736 2372 786 Τέλος

331 791 374 835 δὲ
402 794 716 843 κατακλεισθεὶς
740 795 797 843 εἰς
811 791 1059 849 Πραινεστὸν
1085 792 1171 835 ὑπὸ
1197 793 1358 843 Σύλλα,
1383 794 1525 837 πολλοὶ
1552 795 1846 851 φιλοψυχήσας
1870 797 2019 852 μάτην,
2045 797 2105 847 ὠς
2130 792 2178 855 ἦν
2203 797 2373 854 ἄφυκτα

330 862 403 912 τῆς
426 857 592 906 πόλεως
612 857 896 914 ἁλισκομένης,
922 857 1078 907 αὐτὸς
1103 857 1288 899 ἑαυτὸν
1315 856 1629 914 ἀπέκτεινεν,
1652 864 1700 902 cil
1726 863 1832 916 Syll.
1861 863 2058 903 XXXII.
2086 865 2262 917 Appian.
2287 866 2315 904 l.
2341 866 2370 904 l.

331 937 370 976 p.
394 927 489 965 400.
526 922 600 978 τήν
625 922 837 974 πόλινιτῴ
862 924 1107 977 Λουκρητίῳ
1135 923 1396 977 παρέδοσαν,
1430 922 1605 977 Μαρίου
1630 925 1886 975 καταδύντος
1918 927 1976 976 εἰς
2002 926 2188 981 τάφρους
2217 927 2374 969 ὑπονό-

331 1002 435 1040 μους
460 990 528 1029 καὶ
553 985 661 1045 μετὰ
687 987 826 1042 βραχὺ
853 989 922 1028 καὶ
947 986 1266 1035 καθελόντος
1290 985 1490 1029 ἑαυτόν.
1544 989 1634 1030 Liv.
1661 993 1753 1043 epit.
1782 991 1849 1030 lib.
1873 992 2187 1032 LXXXVIII:
2224 994 2373 1034 Marius

332 1056 541 1097 Praeneste
565 1056 734 1095 obsessus
758 1068 781 1094 a
803 1054 984 1093 Lucretio
1002 1053 1145 1106 Ofella,
1169 1052 1426 1093 Sullanarum
1451 1056 1624 1106 partium
1648 1057 1750 1107 viro,
1774 1069 1865 1095 cum
1890 1070 1961 1108 per
1985 1058 2214 1096 cuniculum
2240 1066 2376 1109 capta-

331 1131 389 1162 ret
414 1122 594 1174 evadere,
616 1128 747 1173 septus
771 1120 820 1161 ab
845 1122 1026 1171 exercitu,
1051 1129 1198 1160 mortem
1222 1124 1291 1160 sibi
1309 1119 1512 1171 conscivit),
1534 1128 1625 1160 sunt
1649 1123 1718 1172 qui
1742 1130 2039 1161 concurrentem
2066 1124 2213 1162 mutuis
2236 1122 2376 1162 ictibus

331 1203 422 1229 cum
448 1190 603 1230 minore
624 1192 746 1241 fratre
776 1191 939 1228 Telesino
965 1206 1014 1212 —
1039 1183 1260 1225 occubuisse
1284 1183 1539 1236 prodiderint.
1579 1184 1641 1225 Cf.
1657 1186 1791 1226 Valer.
1805 1185 1969 1227 Maxim.
1998 1187 2079 1233 Vl,
2095 1201 2128 1227 c.
2141 1189 2234 1240 8,2:
2260 1187 2373 1228 Con-

329 1253 456 1293 sulem
480 1260 614 1292 autem
639 1250 814 1291 Marium
834 1271 883 1279 ·-
909 1249 1080 1289 cuniculi
1104 1248 1259 1288 latebris
1283 1248 1421 1289 frustra
1446 1250 1614 1290 evadere
1637 1260 1845 1303 conatum,
1876 1252 2035 1304 levique
2061 1253 2226 1292 vulnere
2250 1266 2273 1291 a
2307 1258 2371 1293 Te-

331 1326 466 1365 lesino,
491 1332 585 1357 cum
611 1331 689 1369 quo
715 1319 910 1358 commori
935 1316 1205 1366 destinaverat,
1227 1316 1487 1366 perstrictum,
1510 1334 1636 1357 servus
1660 1335 1748 1357 suus
1762 1337 1811 1344 —
1835 1317 1966 1368 gladio
1993 1320 2198 1369 trajectum
2223 1320 2371 1357 intere-

330 1385 417 1424 mit.
445 1406 496 1415 —
521 1381 628 1422 Illud
652 1395 734 1423 non
759 1380 967 1432 dubitatur,
991 1379 1155 1432 dignum
1181 1392 1275 1419 eum
1301 1378 1414 1422 fuisse
1438 1387 1547 1420 tanto
1572 1387 1681 1433 patre
1706 1378 1850 1433 filium,
1874 1380 2242 1435 infestissimumque
2269 1380 2371 1422 Sul-

330 1450 391 1488 lae
416 1449 596 1489 exstitisse
619 1447 771 1486 hostem
783 1474 795 1498 ,
829 1445 893 1484 hic
917 1453 962 1483 ut
994 1457 1043 1484 eo
1069 1444 1232 1481 demum
1258 1445 1403 1481 occiso:
1441 1448 1573 1484 Felicis
1603 1457 1752 1483 nomen
1786 1445 2027 1484 adsumserit.
2062 1448 2113 1484 cs.
2140 1447 2286 1497 Vellej.
2317 1447 2374 1496 Π,

327 1517 378 1552 27
403 1514 459 1553 sb.
487 1514 516 1552 f.
568 1513 674 1551 Plut.
700 1511 802 1551 Mar.
832 1509 996 1560 XLVI,
1018 1509 1074 1548 sb.
1102 1508 1131 1547 f.
1155 1530 1205 1539 —

453 1576 518 1625 ὠς
544 1575 685 1618 δ’ὑπὸ
712 1573 949 1629 πλήθους
975 1570 1141 1628 φόνων
1167 1570 1219 1614 ὲν
1244 1572 1381 1627 ἀρχῇ
1405 1572 1491 1611 καὶ
1520 1571 1576 1611 δι’
1600 1572 1858 1625 ἀσχολίας
1884 1570 1983 1613 ὑπὸ
2011 1572 2188 1615 Σύλλα
2215 1584 2376 1629 παρο-

330 1643 558 1697 ρώμενος
590 1641 677 1682 οὐκ
715 1638 996 1694 ἠγάπησεν.
1026 1660 1073 1666 -
1109 1638 1322 1689 Praeposit.
1348 1635 1433 1676 ὑπό
1460 1651 1493 1676 c.
1525 1651 1614 1690 gen.
1647 1640 1854 1691 conjuncta
1888 1640 2000 1679 nullo
2033 1640 2120 1679 loco
2157 1639 2375 1692 significare

334 1709 550 1761 quidquam
576 1706 745 1758 videtur,
769 1705 875 1757 quod
902 1717 985 1743 non
1009 1703 1060 1742 ad
1084 1704 1297 1754 genuinam
1322 1703 1403 1753 ejus
1428 1710 1545 1754 atque
1570 1705 1797 1755 primariam
1823 1707 2041 1754 notionem,
2066 1717 2143 1756 qua
2168 1704 2277 1743 idem
2305 1714 2374 1757 est,

333 1788 377 1813 ac
393 1774 575 1813 ,Latinon
600 1776 665 1813 sub
690 1783 724 1809 c.
748 1769 824 1809 abl.
849 1770 1025 1809 revocari
1049 1767 1218 1820 indeque
1243 1766 1427 1819 explicari
1451 1769 1569 1820 possit
1585 1767 1643 1818 ¹).
1673 1765 1798 1807 ‘Ymi
1827 1781 1967 1816 τινος
1994 1763 2122 1807 εἶναι
2147 1770 2267 1822 igitur
2291 1772 2371 1822 sig-

387 1930 428 1977 ¹)
456 1933 561 1973 Quod
586 1932 802 1974 Bernhardy
828 1930 1040 1976 wiffenfdyaft.
1068 1930 1201 1975 &nutat
1234 1932 1290 1965 bet
1325 1938 1373 1974 gt.
1402 1928 1487 1972 (ξω.
1516 1939 1549 1972 p.
1576 1927 1663 1963 288.
1713 1929 1865 1962 Kuhner
1893 1929 1928 1962 in
1956 1938 2104 1972 gramm.
2132 1939 2260 1973 graec.
2287 1930 2372 1964 edit.

453 1997 534 2040 maj.
549 1995 589 2041 9.
604 1996 689 2040 617,
704 1995 738 2030 1.
761 2007 795 2040 p.
823 1997 907 2031 309.
936 1997 1158 2031 contendere
1185 1999 1270 2030 sunt
1297 1994 1436 2039 conati,
1462 1994 1626 2030 secundo
1654 2003 1737 2029 cum
1767 2004 1858 2029 casu
1884 1993 2110 2038 conjunctam
2135 1993 2234 2030 haue
2260 2005 2372 2040 prae-

455 2061 671 2106 positionem
698 2060 913 2104 saepissime
941 2062 1033 2095 idem
1059 2070 1144 2095 esse
1171 2062 1267 2104 quod
1294 2063 1475 2094 nostrum:
1502 2062 1597 2095 untet
1623 2059 1724 2095 ciuem
1748 2058 1814 2104 bers
1840 2063 1935 2094 umet
1961 2062 2062 2094 etmass
2087 2058 2214 2103 berner,
2237 2064 2299 2095 aue
2317 2063 2372 2095 bet

457 2125 546 2170 Ξῖἱεῗε
571 2125 710 2170 bernus,
737 2128 980 2168 provocantes
1007 2127 1053 2160 ad
1080 2125 1275 2160 Homerica
1299 2125 1379 2158 illa:
1424 2126 1466 2159 11.
1495 2126 1620 2169 XVII,
1646 2124 1739 2160 235:
1773 2117 1909 2176 νεκρὸν
1935 2119 2005 2166 ὑπί
2030 2117 2204 2169 Αἴαντος
2227 2119 2369 2174 ἐρύειν.

456 2192 590 2236 odyss.
604 2193 651 2237 V,
670 2190 706 2226 5.
732 2184 818 2228 ὑπὸ
844 2184 1006 2242 ἀπήνης
1030 2183 1139 2228 λύειν
1167 2186 1335 2236 ἵππους.
1371 2189 1522 2225 Hesiod.
1537 2190 1680 2235 Theog.
1698 2190 1791 2225 669:
1819 2182 1904 2227 ὑπὸ
1929 2182 2086 2238 χθονὸς
2112 2179 2180 2240 ἧκε
2201 2183 2373 2239 φόωσδε

455 2260 491 2290 et
516 2266 611 2300 quae
646 2256 733 2291 huic
759 2259 942 2301 cognatae
967 2259 1175 2290 structurae
1211 2256 1307 2300 apud
1333 2256 1481 2290 Atticos
1518 2255 1771 2300 reperiuntur,
1806 2256 1924 2289 simile
1956 2255 2042 2298 quid
2075 2255 2251 2288 statuisse
2287 2255 2373 2288 mihi

457 2321 639 2365 videntur,
665 2331 711 2356 ac
737 2320 769 2355 si
796 2321 878 2365 quis
904 2323 1052 2365 propter
1077 2320 1269 2355 formulam
1295 2320 1392 2354 illam
1419 2319 1708 2354 usitatissimam:
1734 2314 1859 2358 πέσεν
1885 2315 1927 2355 ὲν
1951 2319 2126 2367 κονίῃσιν
2153 2320 2373 2353 contendere

456 2385 587 2429 vellet,
616 2381 657 2421 ἑν
692 2395 817 2428 praep.
844 2385 994 2429 saepius
1032 2386 1159 2420 eadem
1184 2386 1394 2419 instructam
1421 2394 1503 2418 esse
1530 2384 1585 2428 vi,
1622 2395 1695 2428 qua
1731 2385 1849 2418 Latin.
1875 2387 1914 2420 in
1940 2393 1972 2416 c.
1999 2393 2080 2417 aec.
2103 2384 2281 2426 junctum.
2323 2385 2375 2417 At

457 2450 553 2484 hanc
580 2449 725 2493 quidem
751 2459 875 2484 omnes
902 2450 1108 2485 concedunt
1139 2460 1185 2485 ea
1218 2449 1358 2485 ratione
1383 2448 1560 2494 conjungi
1597 2458 1680 2484 cum
1712 2448 1833 2483 verbis
1866 2449 2002 2482 motum
2028 2447 2296 2492 indicantibus,
2336 2452 2376 2482 ut

458 2514 678 2559 respiciatur
704 2515 751 2548 ad
777 2517 930 2560 statum,
971 2515 1032 2560 qui
1065 2525 1170 2560 quem
1196 2516 1343 2550 verbum
1369 2514 1485 2549 innuit
1510 2518 1644 2549 motum
1671 2512 1926 2557 consequitur,
1954 2515 2064 2557 atque
2090 2513 2229 2557 excipit
2256 2514 2373 2557 quasi.

459 2581 530 2620 (cf.
556 2580 772 2623 Bernhardy
798 2592 832 2625 p.
860 2580 945 2615 208.
996 2581 1148 2616 Kiihner
1173 2580 1214 2625 §-
1241 2580 1335 2625 621,
1372 2591 1412 2614 a:
1452 2579 1530 2617 mas
1556 2578 1705 2615 mersum
1737 2580 1792 2613 bet
1817 2577 2008 2624 §semegxmg
2039 2577 2195 2613 tunninitt
2220 2580 2279 2613 hen
2306 2577 2375 2613 ἔδει

458 2644 538 2690 gttff
570 2646 624 2681 bet
658 2644 812 2692 etfoIgtett
838 2644 953 2691 ffiube,
993 2651 1088 2682 metm
1122 2645 1171 2683 bie
1196 2643 1337 2691 inrepat.
1363 2644 1422 2681 mit
1460 2645 1531 2680 bem
1557 2643 1675 2688 mutin,
1712 2642 1787 2688 statt
1816 2644 1873 2679 δεῖ
1904 2641 2047 2687 ξΒῑῖῳοΐ.
2073 2642 2133 2678 mit
2167 2644 2238 2677 bem
2264 2641 2374 2686 aaut.

457 2709 568 2753 stenen.
622 2710 699 2746 §Das
725 2710 880 2747 &tument
905 2714 961 2747 bet
986 2711 1102 2757 fflube,
1140 2713 1189 2748 bie
1213 2710 1396 2758 ffiegitbung
1422 2711 1481 2753 auf
1512 2713 1574 2746 bas
1608 2712 1767 2746 buuetnbe
1794 2708 1945 2754 ffiefuitat
1978 2711 2032 2745 bet
2065 2707 2261 2754 ᾥαιιδῐιιιις,
2296 2709 2374 2752 mufi
