2784 3288
808 706 904 771 (3.
948 705 1190 771 Jum
1235 674 1661 772 Caesaris
1705 706 1919 772 vita.

1104 1021 1162 1061 Εἰ
1187 1022 1267 1076 γάρ
1292 1036 1357 1062 κεν
1383 1012 1452 1061 ndi
1480 1019 1647 1074 σμικρὸν
1673 1021 1744 1061 ἐπὶ
1771 1024 1925 1073 σμικρῷ
1951 1023 2152 1060 καταθεῖο
2380 1067 2382 1069 ‚

1102 1084 1192 1126 Καὶ
1219 1083 1343 1140 θαμά
1371 1086 1480 1126 τοῦτ’
1505 1084 1651 1137 ἕρδοις,
1678 1083 1791 1136 τάχα
1817 1099 1880 1124 κεν
1908 1084 2017 1138 μέγα
2044 1088 2112 1124 καὶ
2140 1083 2188 1125 τὸ
2215 1084 2382 1134 γένοιτο.

2038 1155 2185 1192 Hes-iod.

1248 1243 1411 1309 cap.
1441 1244 1499 1296 Ι.

482 1352 578 1406 Τήν
602 1351 768 1393 Κίννα
795 1355 885 1392 ‘cciv
910 1350 1338 1406 μοναρχήσαντος
1363 1348 1652 1403 θυγατέρα,
1677 1348 1971 1403 Κορνηλίαν
1997 1359 2070 1388 etc.
2106 1350 2153 1388 L.
2179 1350 2383 1390 Cornelius

355 1416 483 1456 Cinna
508 1431 557 1456 ex
580 1417 734 1468 Annia,
772 1424 818 1455 ut
849 1415 1021 1462 videtur,
1056 1428 1176 1453 uxore
1203 1415 1271 1458 [cf.
1296 1414 1439 1465 Venej.
1461 1414 1613 1452 Patere.
1642 1413 1719 1465 11,
1743 1417 1817 1452 41:
1852 1428 1943 1452 cum
1970 1415 2027 1453 Μ
2052 1415 2146 1453 Piso
2177 1416 2385 1454 consularis

355 1483 558 1533 Anniam,
581 1495 680 1533 quae
706 1482 857 1520 Cinnae
882 1493 981 1518 uxor
1005 1480 1148 1530 fixerat,
1172 1481 1212 1517 in
1228 1478 1366 1517 Sullae
1390 1481 1554 1529 gratiam
1581 1478 1799 1522 dimisisset}
1826 1479 1923 1517 duos
1948 1479 2084 1517 habuit
2106 1480 2260 1530 liberos,
2284 1480 2388 1519 Cor-

354 1546 520 1597 neliam,
539 1558 659 1597 quam
684 1544 839 1584 Caesari
864 1552 1030 1595 nuptam
1055 1542 1159 1594 apud
1183 1542 1354 1581 eundem
1380 1542 1577 1581 decessisse
1601 1543 1700 1582 infra
1726 1543 1839 1594 c.V.,
1865 1541 2032 1582 sueton.
2049 1546 2119 1584 vit.
2138 1543 2248 1583 Caes.
2265 1558 2298 1583 c.
2314 1544 2390 1583 Vl.

356 1611 570 1660 docemur,
603 1618 720 1662 atque
755 1607 903 1661 filium,
940 1616 1131 1660 quantum
1156 1616 1383 1660 temporum
1407 1607 1536 1646 habita
1562 1610 1712 1647 ratione
1736 1608 1876 1662 conjici
1900 1616 2046 1661 potest,
2084 1611 2278 1649 minorem
2306 1610 2373 1648 1112
2381 1638 2394 1661 ,

355 1674 402 1713 L.
429 1673 660 1714 Cornelium
695 1674 892 1726 Cinnam,
921 1676 987 1727 qui
1021 1687 1100 1726 quo
1134 1686 1239 1712 anno
1254 1698 1258 1701 -
1273 1672 1414 1712 Caesar
1447 1673 1666 1711 interfectus
1692 1682 1748 1712 est
1782 1675 1888 1722 (709
1917 1687 1956 1726 p.
1982 1688 2021 1713 u.
2046 1687 2092 1725 c.,
2116 1676 2172 1712 44
2195 1687 2232 1712 a.
2259 1673 2389 1721 Chr.)

356 1748 524 1791 praetor,
550 1741 619 1784 [cf.
634 1741 808 1792 Appiani
819 1738 1016 1794 Ῥωμαικ.
1044 1737 1200 1792 ἑμφυλ.
1222 1738 1288 1778 lib.
1317 1738 1376 1777 11.
1392 1742 1432 1790 p.
1448 1740 1526 1778 504
1551 1738 1642 1777 edit.
1667 1738 1792 1783 Toll.]
1821 1743 2001 1791 quamvis
2025 1738 2151 1779 affinis
2175 1747 2273 1779 esset
2287 1738 2391 1779 Cae—

355 1807 475 1856 saris,
506 1807 761 1857 maximisque
783 1804 831 1843 ab
857 1817 905 1843 eo
930 1804 1087 1843 affectus
1112 1802 1310 1843 beneficiis
1339 1802 1476 1847 [Suet.
1502 1801 1614 1842 Caes.
1639 1802 1690 1843 V:
1718 1802 1765 1842 L.
1788 1806 1907 1843 etiam
1933 1803 2105 1856 Cinnae,
2129 1806 2259 1843 uxoris
2282 1804 2391 1843 fratri

361 1869 530 1908 reditum
557 1872 599 1908 in
623 1871 822 1909 civitatem
849 1871 1049 1922 rogatione
1073 1868 1205 1907 Plotia
1229 1869 1412 1913 confecit]
1451 1867 1627 1921 adeoque
1651 1868 1702 1908 ad
1733 1877 1959 1921 praeturam
1984 1877 2208 1923 provectu5‚
2241 1871 2392 1921 primus

360 1936 473 1974 fuisse
498 1935 657 1986 dicitur,
691 1937 759 1986 qui
781 1935 1043 1974 interfectores
1067 1936 1149 1985 ejus
1173 1934 1327 1985 publice
1351 1934 1527 1973 laudaret
1561 1944 1677 1987 atque
1708 1938 1883 1986 praemia
1908 1938 1953 1974 iis
1978 1935 2222 1986 decerneret,
2246 1934 2393 1974 Caesa-

357 2013 442 2039 rem
475 1999 668 2039 invidioso
701 2002 857 2052 tyranni
891 2002 1053 2039 nomine
1085 1999 1216 2050 palam
1249 2006 1412 2038 notaret.
1477 1997 1537 2039 cst:
1564 1999 1698 2040 Valet.
1733 1999 1895 2039 Maxim.
1932 1999 2009 2038 lx.
2046 2002 2091 2050 9,
2129 2002 2164 2038 1.
2211 1997 2392 2039 Ciceron.

358 2063 529 2115 Philipp.
557 2063 640 2101 lu.
670 2065 730 2113 10,
754 2065 872 2101 26.-
903 2062 989 2116 lpse
1015 2062 1162 2115 Cinna,
1183 2062 1232 2102 de
1257 2075 1335 2115 quo
1360 2062 1502 2115 Vellej.
1530 2063 1680 2103 Patere.
1709 2064 1764 2102 11.
1788 2066 1863 2104 24:
1886 2067 1971 2115 „vir
1998 2064 2161 2117 dignior,
2189 2065 2256 2115 qui
2283 2064 2390 2103 arbi-

360 2130 434 2166 tr10
459 2130 654 2175 victorum
680 2135 918 2178 moreretur,
945 2140 1064 2179 quam
1091 2128 1288 2167 iracundia
1312 2128 1506 2179 militurn,
1531 2128 1580 2168 de
1606 2141 1686 2181 quo
1710 2141 1804 2169 vere
1830 2129 1906 2168 dici
1929 2137 2077 2181 potest,
2110 2141 2247 2167 ausum
2274 2141 2391 2180 eum,

359 2205 459 2244 qnae
483 2206 604 2235 nemo
628 2192 788 2232 auderet
813 2193 956 2243 bonus,
980 2193 1192 2244 perfecisse,
1219 2206 1319 2245 quae
1344 2205 1366 2231 a
1391 2194 1516 2244 nullo,
1529 2196 1605 2232 nisi
1628 2195 1834 2234 fortissimo
1859 2193 1991 2246 perfici
2017 2202 2185 2246 possent;
2212 2202 2253 2232 et
2276 2194 2391 2233 fuisse

359 2272 452 2298 eum
477 2248 521 2297 in
544 2251 805 2298 consuitand’o-
822 2260 1074 2298 temerarium
1087 2287 1099 2307 ‚
1131 2260 1173 2298 in
1212 2258 1455 2310 exsequendo
1481 2255 1638 2299 virum“
1668 2268 1718 2288 -'—
1759 2267 1964 2311 postquam
1990 2259 2091 2298 bello
2116 2258 2284 2298 Marsico
2307 2261 2392 2299 sin-

359 2324 534 2377 gularem
559 2323 675 2375 plane
701 2325 758 2363 rei
785 2324 961 2363 militaris
984 2323 1165 2377 probarat
1188 2325 1380 2377 peritiam,
1406 2331 1542 2376 quater
1567 2324 1812 2364 consulatum
1827 2326 1940 2377 gessit
1957 2325 2079 2369 [annis
2096 2325 2185 2371 666,
2203 2325 2293 2377 667,
2307 2325 2397 2377 668,

360 2391 434 2428 669
462 2402 497 2427 a.
521 2403 561 2427 u.
586 2393 633 2433 c.]
661 2403 751 2428 cum
777 2389 851 2428 Cn.
880 2389 1060 2441 Octavio,
1085 2388 1133 2429 C.
1158 2390 1299 2441 Mario,
1324 2389 1370 2428 L.
1395 2389 1556 2428 Valerio
1582 2390 1746 2441 Flacco,
1771 2398 1857 2442 post
1881 2390 1996 2429 Marii
2020 2397 2193 2428 mortem
2219 2390 2393 2441 suffecto,

362 2452 437 2494 Cn.
463 2452 623 2506 Papirio
652 2451 833 2493 Carbone
873 2455 1047 2507 collegis,
1086 2457 1139 2494 ita
1177 2454 1336 2507 quidem
1368 2454 1408 2494 hi
1434 2462 1500 2505 ut,
1525 2462 1686 2507 excepto
1709 2468 1791 2494 uno
1817 2454 2006 2506 Octavio,
2045 2456 2155 2507 cujus
2195 2456 2394 2495 resistendi

362 2527 520 2559 conatus
545 2531 662 2571 quem
688 2518 856 2558 fructum
883 2527 922 2558 et
948 2522 1019 2572 ipsi
1044 2528 1083 2558 et
1108 2519 1196 2559 urbi
1221 2520 1379 2559 tulerint
1413 2519 1594 2559 omnibus
1633 2529 1794 2571 notum,
1829 2522 1992 2559 nomine
2018 2528 2173 2560 tantum
2199 2522 2396 2572 consules,

360 2586 441 2635 ipse
465 2596 562 2623 vero
586 2586 617 2622 is
642 2591 750 2634 esset,
774 2583 823 2621 ad
848 2586 955 2635 cujus
979 2593 1121 2623 nutum
1154 2587 1288 2624 omnia
1320 2593 1542 2638 agerentur,
1580 2588 1649 2637 qui
1673 2585 1725 2624 ad
1747 2599 1863 2624 suum
1887 2587 2003 2624 unius
2028 2586 2231 2624 arbitrium
2258 2590 2393 2625 omnia

361 2656 511 2700 regeret
535 2656 652 2700 atque
677 2649 934 2688 constitueret.
985 2647 1119 2705 Quare
1145 2649 1273 2690 latinis
1297 2649 1542 2703 scriptoribus
1566 2651 1598 2689 si
1623 2649 1672 2690 de
1687 2648 1837 2690 Cinnae
1862 2653 2089 2703 magistratu
2110 2650 2308 2704 agendum
2325 2660 2398 2703 est,

327 2735 330 2738 ·
362 2725 497 2753 veram
522 2722 566 2752 ut
591 2715 673 2765 ejus
699 2713 873 2754 indolem
898 2723 1013 2767 atque
1037 2723 1217 2756 naturam
1242 2715 1431 2767 indicent,
1462 2715 1581 2755 modo
1607 2721 1885 2763 dominationis,
1917 2716 2038 2756 modo
2063 2724 2171 2770 requi
2193 2717 2392 2758 invidiosis
