2922 3332
578 217 690 262 VIII

512 336 647 388 gulare
685 334 884 387 quoddam
911 334 1056 372 factum
1091 331 1219 383 addit,
1257 344 1304 369 ex
1335 332 1559 371 animorum
1592 330 1888 384 studiorumque
1921 332 1988 371 illa
2023 333 2213 375 discordia
2249 340 2356 390 quasi
2390 347 2561 379 enatum.

512 400 665 441 Eadem
698 414 852 453 prorsus
884 402 1033 438 ratione
1065 407 1300 438 structuram
1332 398 1483 437 videbis
1517 400 1762 437 constitutam
1800 400 1841 436 in
1869 397 2039 436 Caesaris
2071 403 2193 438 nostri
2225 416 2257 440 c.
2283 402 2381 441 XV.
2430 400 2486 440 ‘O
2512 402 2558 443 δὲ

513 465 682 517 Ιίαῖσαρ
709 463 835 510 εὐθύς
866 462 956 503 α’πὸ
990 465 1061 516 τῆς
1089 467 1339 517 στρατηγίας
1375 462 1447 517 τήν
1473 460 1651 515 Ἰβηρίαν
1679 460 1848 505 λαβών
1884 483 1925 490 -
1967 460 2034 509 ὠς
2060 455 2114 516 ἦν
2143 463 2415 507 δυσδιάθετον
2441 467 2560 516 αὐτῷ

514 528 563 570 τὸ
591 530 683 582 περὶ
711 527 811 575 τούς
839 526 1054 576 δανειστὰς
1080 550 1130 558 -
1162 527 1234 568 ἐπὶ
1261 526 1460 581 Κράσσον
1487 526 1755 581 κατέφυγε.
1785 541 1817 566 c.
1843 526 1986 566 XVII.
2039 525 2108 566 ’Ev
2136 526 2225 576 ὁδῷ
2252 530 2296 571 δέ
2324 543 2427 571 ποτε
2455 544 2555 571 συν-

515 592 753 640 ελασθεὶς
781 590 866 634 ι’·πὸ
884 596 1084 648 χειμῶνος
1107 593 1164 641 εἰς
1188 590 1362 633 ἔπαυλιν
1384 592 1617 646 ἀνθρώπου
1644 592 1832 647 πένητος,
1858 590 1923 640 ὠς
1949 589 2069 634 ὀυὸὲν
2097 586 2205 647 εὗρε
2231 592 2362 636 πλέον
2384 597 2556 651 οἰκήμα-

513 672 583 707 τος
609 657 700 706 ἑνὸς
728 681 777 688 -
825 657 1017 700 ’Όππιον
1043 657 1225 698 ἐκέλευεν
1250 654 1599 696 ἀναπαύσασθαι.
1638 672 1670 696 c.
1698 659 1866 697 xvul.
1901 658 2016 698 κάκεῖ
2047 655 2290 708 συναγαγών
2324 662 2393 698 καὶ
2421 672 2556 714 παρα-

512 722 673 774 τάξας
699 722 771 779 τὴν
797 723 982 777 δύναμιν,
1009 721 1073 769 ὠς
1101 721 1229 768 ἵππος
1255 720 1370 769 αὐτῷ
1396 718 1618 776 προςήχθη
1635 744 1684 751 -
1711 719 1805 776 ἔφη.
1834 737 1866 763 c.
1892 722 2051 774 LXIV,
2074 724 2143 762 καὶ
2170 722 2312 778 μικρὸν
2338 722 2411 778 μὲν
2438 724 2556 773 αὐτῷ

514 787 766 842 προελθόντι
784 791 864 825 τοῖν
883 789 1023 839 θυρῶν
1045 785 1203 838 οἰκέτης
1221 783 1440 837 ἀλλότριος
1458 785 1636 836 ἐντυχεῖν
1656 788 2081 843 προθυμούμενος
2108 785 2172 835 ὠς
2190 786 2344 841 ἡττᾶτο
2369 793 2443 827 τοῦ
2463 793 2556 843 περὶ

513 854 657 895 ἐκεῖνον
683 852 878 905 ὠθισμοῦ
904 851 971 888 καὶ
999 848 1194 903 πλήθους
1210 870 1260 877 -
1286 847 1539 902 βιασάμενος
1564 851 1621 897 εἰς
1648 866 1681 892 τ.
1711 854 1902 892 οἰκιάν-
1928 850 2165 905 παρέδωκεν
2191 849 2339 893 ἑαυτὸν
2366 857 2416 906 τῇ
2433 851 2556 893 Καλ-

513 920 689 968 πουρνίᾳ
719 924 790 955 etc.
842 915 905 955 Ex
925 916 998 955 hac
1016 918 1134 968 igitur
1153 916 1252 967 lege,
1271 914 1416 966 ubique
1438 914 1515 952 sere
1529 925 1567 953 et
1580 916 1628 953 ab
1641 917 1723 956 aliis
1736 918 1981 970 scriptoribus
1993 926 2031 956 et
2043 931 2066 956 a
2086 917 2296 957 Plutarcho
2317 920 2402 970 ipso
2421 918 2553 957 obser-

510 989 613 1034 vata,
637 984 856 1021 orationem
881 981 944 1020 hic
971 995 1127 1034 quoque
1153 982 1399 1020 conformare
1423 983 1454 1019 si
1480 981 1663 1021 voluisset
1688 992 1831 1028 noster,
1857 983 2065 1022 dicendum
2092 985 2128 1021 ei
2154 984 2248 1035 suit:
2276 981 2443 1029 Σύλλας
2460 984 2554 1023 ε’πί-

508 1044 718 1099 κρατήσας
744 1059 778 1086 τ.
807 1045 864 1086 Κ.
893 1055 966 1086 etc.
993 1069 1042 1074 —
1068 1044 1127 1093 ὠς
1153 1043 1237 1086 οὔτ’
1265 1044 1424 1085 ἐλπίσιν
1451 1054 1522 1083 etc.
1546 1046 1727 1099 ἐδυνήθη
1755 1046 2008 1086 ἀποσπάσαι
2037 1063 2070 1087 κ.
2095 1071 2145 1078 -
2172 1046 2366 1102 ἐδήμευσε
2394 1063 2429 1086 τ.
2450 1062 2494 1100 φ.
2512 1063 2551 1087 α.

513 1110 645 1162 Atque
659 1108 1133 1157 113116νε131111118111111110
1147 1113 1328 1151 orationis
1342 1111 1690 1151 conformationem
1708 1114 1790 1164 jam
1805 1113 1854 1152 ob
1878 1114 1918 1152 id
1939 1122 2307 1165 exspectaveramus,
2326 1114 2552 1165 quod,.pro—

509 1184 630 1214 taseos
651 1186 768 1228 atque
790 1178 1001 1228 apodoseos
1026 1178 1131 1215 idem
1154 1181 1184 1216 si
1207 1187 1261 1215 est
1286 1178 1523 1228 subjectum,
1542 1177 1801 1229 vocabulum,
1823 1190 1900 1229 quo
1922 1180 2141 1217 contInetur
2154 1178 2269 1230 illud,
2291 1179 2332 1216 in
2344 1181 2554 1217 sententiae

510 1242 704 1292 principio
731 1244 825 1293 poni
850 1242 967 1292 solet,
992 1245 1045 1280 ita
1072 1250 1115 1279 ut
1141 1243 1301 1293 legentis
1326 1244 1480 1279 animus
1504 1243 1616 1279 initio
1644 1245 1774 1280 statim
1803 1242 1851 1280 ad
1877 1242 1917 1280 id
1945 1243 2189 1294 advertatur,
2223 1243 2344 1294 quod,
2370 1243 2557 1282 ambabus

509 1308 722 1343 sententiae
748 1306 918 1355 parthus
946 1308 1151 1356 proprium
1181 1316 1236 1343 est
1262 1314 1378 1355 atque
1404 1318 1634 1352 commune3
1660 1319 1767 1344 nunc
1793 1320 1888 1345 vero
1913 1309 2125 1346 sententiae
2145 1321 2214 1359 per
2226 1309 2434 1346 relativum
2461 1308 2554 1347 sub-

504 1372 661 1420 junctae
688 1372 926 1408 attractionis
953 1369 1124 1420 quodam
1150 1383 1292 1421 genere
1320 1368 1496 1406 additum
1526 1367 1624 1405 illud
1648 1367 1816 1415 Σύλλας
1843 1370 2028 1410 delitescit
2056 1375 2160 1423 quasi
2196 1380 2313 1424 atque
2339 1373 2551 1424 legentium

508 1437 661 1474 animos
688 1435 800 1487 lallit,
824 1437 877 1473 ita
903 1443 947 1473 ut
973 1435 1045 1473 hac
1073 1448 1178 1473 nova
1203 1444 1242 1473 et
1267 1434 1439 1473 inaudita
1464 1447 1588 1485 paene
1615 1436 1764 1473 ratione
1780 1435 1898 1474 verba
1923 1436 2138 1475 collocandi
2166 1437 2269 1475 haud
2296 1440 2445 1489 optime
2470 1451 2551 1476 ser-

506 1504 634 1540 monis
660 1504 923 1552 perspicuitati
958 1510 1073 1552 atque
1107 1501 1344 1552 simplicitati
1381 1500 1612 1538 consuluisse
1647 1500 1900 1540 Plutarchum
1933 1501 2177 1541 crediderim.
2233 1500 2315 1541 Sed
2349 1502 2437 1541 ideo
2473 1503 2553 1540 for-

509 1576 604 1605 tasse
628 1566 921 1618 impeditiorem
948 1566 1048 1605 hanc
1064 1566 1246 1618 praetulit
1264 1565 1414 1617 vulgari
1440 1573 1556 1617 atque
1567 1565 1792 1617 simpliciori
1816 1574 2039 1617 structurae,
2063 1576 2106 1605 ut
2125 1568 2283 1606 lectores
2308 1570 2419 1606 initio
2439 1568 2551 1619 hujus

508 1632 598 1669 libri
623 1645 704 1670 non
734 1640 813 1669 tam
841 1631 888 1669 ad
904 1630 1054 1670 Sullam
1081 1630 1337 1681 attenderent,
1363 1642 1481 1681 quam
1508 1630 1558 1668 ad
1584 1644 1689 1681 eum,
1716 1630 1764 1669 de
1792 1633 1899 1682 cujus
1925 1633 2006 1671 vita
2031 1645 2136 1670 nunc
2155 1634 2325 1670 maxime
2351 1634 2392 1670 in
2418 1634 2551 1671 animo

505 1697 576 1734 fuit
599 1697 835 1748 singularem
871 1699 1070 1735 instituere
1097 1698 1409 1748 πραγματείαν,
1449 1692 1657 1734 Caesarem
1685 1697 1856 1746 scilicet,
1895 1704 2010 1748 atque
2037 1710 2146 1748 eam,
2184 1711 2283 1748 quae
2308 1699 2549 1735 matrimonii

507 1762 661 1799 vinculo
689 1764 724 1799 ei
751 1770 833 1799 erat
859 1763 1089 1812 conjuncta,
1114 1758 1354 1798 Corneliam.

606 1853 705 1895 οὔτ’
725 1856 923 1896 ἐλπίσιν
945 1853 1065 1894 οὔτε
1088 1854 1238 1907 φόβῳ
1269 1855 1510 1907 δυνηθεὶς
1531 1854 1747 1893 α’ποσποί
1763 1853 2141 1906 σαιΙίαίσαρος.
2171 1855 2216 1892 cf.
2230 1854 2376 1893 adrem
2390 1843 2548 1893 Sueton.

504 1920 614 1961 Caes.
642 1921 681 1959 1:
702 1934 857 1973 «neque
880 1929 923 1959 ut
952 1920 1171 1972 repudiaret
1199 1918 1444 1968 (Corneliam
1463 1919 1538 1967 sc.)
1567 1919 1750 1970 compelli
1770 1933 1791 1956 a
1814 1918 2015 1957 Dictatore
2031 1917 2138 1957 Sulla
2162 1920 2244 1957 ullo
2268 1920 2387 1958 modo
2410 1923 2544 1971 potuit.

504 1986 646 2037 Vellej.
660 1986 810 2024 Patere.
836 1985 896 2036 ll,
919 1988 963 2023 41
982 2000 992 2023 z
1019 1984 1169 2024 Cinnae
1183 1983 1307 2024 filiam
1321 1994 1365 2023 ut
1384 1984 1603 2037 repudiaret
1621 1984 1731 2022 nullo
1748 1983 1866 2022 modo
1880 1983 2062 2036 compelli
2075 1985 2211 2036 potuit.
2230 2004 2278 2011 —
2296 1984 2361 2023 Ad
2379 1998 2545 2036 quorum

504 2051 680 2089 locorum
698 2049 993 2089 similitudinem
1015 2064 1150 2089 omnes
1175 2064 1256 2088 uno
1282 2064 1350 2087 ore
1368 2050 1567 2087 Plutarchi
1596 2052 1832 2100 interpretes,
1860 2049 1975 2086 verba
2001 2061 2114 2100 supra
2133 2049 2320 2101 adscripta
2348 2050 2544 2101 explicue—

503 2123 610 2163 runt3
638 2122 789 2168 Amyot:
818 2113 935 2167 Sylla
962 2116 1099 2154 voulut
1125 2128 1201 2167 que
1219 2114 1362 2154 Caesar
1387 2113 1607 2167 repoudiast
1632 2127 1670 2152 sa
1700 2113 1844 2153 femme
1870 2136 1917 2141 —
1944 2117 2042 2153 mais
2067 2128 2118 2153 ne
2144 2115 2289 2165 l’ayant
2316 2128 2369 2165 pu
2395 2128 2450 2166 ny
2477 2127 2546 2166 par

502 2193 729 2231 promesses,
755 2193 810 2232 ny
842 2192 912 2231 par
937 2193 1115 2219 menaces
1140 2180 1293 2219 induite
1319 2193 1340 2218 a
1368 2194 1410 2218 ce
1438 2180 1532 2219 faire
1554 2188 1628 2231 etc.
1683 2184 1836 2235 lnlei·pr.
1864 2198 1924 2235 ap.
1947 2183 2074 2221 Reisk:
2101 2178 2389 2218 Corneliam—
2416 2192 2544 2231 neque

501 2259 567 2296 spe
599 2260 726 2297 neque
763 2254 871 2284 metu
906 2246 1120 2296 perpellere
1145 2246 1352 2284 Caesarem
1379 2249 1526 2296 potnit,
1560 2253 1604 2281 ut
1630 2244 1851 2281 dimitteret.
1905 2249 2054 2284 Dacer:
2090 2243 2206 2294 Sylla
2233 2264 2279 2271 —
2306 2243 2460 2295 n’ayant
2487 2256 2540 2294 pu

502 2309 649 2360 obliger
683 2312 724 2347 ni
750 2322 819 2361 par
856 2320 1069 2361 promesses
1101 2312 1142 2348 ni
1172 2322 1244 2361 par
1269 2322 1448 2349 menaces
1471 2311 1494 2348 a
1520 2308 1702 2361 repudiet
1726 2321 1765 2347 sa
1791 2308 1936 2347 semme
1963 2307 2157 2347 Comelie.
2212 2312 2407 2362 Xylander
2434 2322 2542 2359 pres-

502 2377 580 2413 sius
607 2374 887 2413 Chaeronensis
915 2374 1033 2413 verba
1059 2382 1226 2425 secutus,
1260 2374 1338 2424 (ita
1364 2383 1519 2425 tamen,
1556 2382 1601 2412 ut
1626 2373 1816 2411 vocabulo
1847 2379 2017 2415 divellere
2050 2386 2121 2425 pro
2156 2379 2310 2414 avellere
2341 2373 2543 2413 substituto

503 2443 696 2478 incertum
725 2440 942 2490 reliquerit,
977 2441 1060 2490 ipse
1087 2438 1181 2490 quid
1206 2440 1344 2478 sentiat
1369 2439 1417 2477 de
1441 2439 1516 2478 hoc
1541 2438 1672 2485 loco):
1710 2437 1934 2477 Corneliam
1962 2460 2009 2465 —-
2038 2437 2154 2490 Sylla
2180 2451 2271 2476 cum
2296 2451 2424 2489 neque
2450 2438 2540 2488 pol-

499 2504 779 2543 licitationibus
813 2516 940 2554 neque
966 2505 1085 2542 minis
1110 2516 1133 2541 a
1159 2500 1322 2542 Caesare
1348 2502 1534 2543 divellere
1558 2510 1697 2557 posset.
1753 2502 1875 2542 Addit
1900 2501 2200 2554 SchmIederus,
2239 2502 2444 2542 Caesarem
2472 2502 2544 2540 hac

500 2573 541 2608 in
569 2583 611 2609 re
644 2570 791 2608 imitari
817 2568 985 2607 noluisse
1015 2579 1088 2608 nec
1116 2569 1300 2620 Pompeji
1334 2570 1582 2622 exemplum,
1625 2570 1693 2621 qui
1719 2567 1857 2621 Syllae
1888 2570 1992 2620 jussu
2019 2568 2231 2607 Antistiam
2258 2568 2447 2607 dimiserit
2473 2568 2541 2617 (cs.

500 2634 607 2672 Plut.
638 2634 782 2685 Pomp.
818 2648 850 2672 c.
884 2632 973 2680 IX)
1004 2647 1076 2672 nec
1100 2633 1158 2672 Μ.
1186 2633 1395 2685 Pisonem,
1431 2637 1564 2674 virum
1596 2633 1858 2686 consularem,
1898 2635 1966 2686 qui
1998 2632 2166 2685 (Vellej.
2192 2632 2342 2671 Patere.
2369 2632 2432 2684 11,
2465 2635 2542 2680 41)

501 2700 681 2739 Anniam
707 2712 895 2749 uxorem,
920 2689 1261 2739 Cinnae'viduam
1286 2701 1329 2739 in
1355 2699 1494 2752 Syllae
1519 2701 1684 2753 gratiam
1712 2698 1934 2751 repudiarit.
1962 2722 2010 2731 -
2039 2698 2230 2737 Attamen
2256 2706 2300 2736 ut
2324 2707 2426 2737 recte
2451 2711 2544 2737 ver-
