2844 3297
2298 218 2342 261 V

375 345 659 400 Πομπήϊον-
685 341 742 391 ὠς
770 339 820 396 ὃν)
847 339 903 395 μή
931 339 1187 394 βουλόμενον
1214 340 1464 380 ἀποθέσθαι
1491 336 1562 391 τήν
1588 341 1889 391 μοναρχίαν.
1926 337 2073 377 Timol-
2098 332 2328 374 XXXVII.
2354 330 2412 382 ὠς

372 406 643 461 (δ’ὲπανῆλθεν
669 405 726 453 εἰς
749 404 1087 459 Συρακούσας-
1118 402 1246 451 εὐθὺς
1271 403 1522 443 ἀποθέσθαι
1550 399 1621 455 τήν
1647 405 1955 455 μοναρχίαν.
2006 403 2177 457 Lysand.
2201 403 2256 443 X.
2282 402 2408 455 ἐφορ-

367 470 555 526 μούντων
582 469 857 523 ςτρατεύματι
883 468 1291 522 μοναρχουμένῳ
1320 478 1390 507 etc.
1418 477 1490 506 etc.
1544 467 1703 518 Ubique
1729 481 1825 507 vero
1853 471 2000 507 summi
2025 468 2225 521 cujusdam
2253 469 2409 520 imperii

367 538 476 577 notio
502 534 670 587 obtinet,
703 534 808 588 quod
834 534 972 587 quibus
996 534 1139 574 artibus
1165 536 1214 573 sit
1238 541 1415 585 partum,
1463 546 1540 586 qua
1563 535 1715 572 ratione
1749 532 2060 573 administratum
2093 548 2140 574 ex
2165 533 2251 574 aliis
2275 535 2410 573 omni-

370 602 440 640 bus
464 602 610 653 potius,
634 614 754 653 quam
780 615 827 639 ex
852 600 927 639 hoc
952 601 1194 652 cognoscitur
1218 598 1421 638 vocabulo.
1470 597 1599 638 Simili
1625 597 1759 650 mode,
1784 611 1863 649 quo
1887 606 2018 637 nostro
2043 599 2130 637 loco
2147 604 2269 640 Cinna
2294 598 2404 639 audit

372 663 394 703 ὁ
421 662 782 718 μοναρξχήσας,
817 669 959 706 Sullam
995 663 1145 703 videbis
1177 670 1355 701 notatum
1393 664 1463 702 vit.
1497 662 1625 702 Cicer.
1657 677 1689 702 c.
1717 662 1907 701 XXVII.
1939 661 2029 702 ἐπεὶ
2055 660 2100 702 δὲ
2128 662 2338 710 Φαῦστος,
2382 661 2406 700 ὀ

374 726 518 768 Σύλλα
546 732 633 769 τοῦ
661 725 1089 782 μοναρχήσαντος
1114 735 1186 766 etc.
1235 725 1295 766 Cf.
1320 727 1412 765 ibid.
1446 741 1478 766 c.
1504 727 1649 767 xvll.
1675 736 1715 766 et
1739 727 1844 779 apud
1873 726 2002 766 Latin.
2038 729 2245 781 formulas,
2277 730 2409 781 quales

370 801 477 833 sunt:
503 792 716 833 Sullanum
742 812 908 848 regnum,
934 792 1018 832 Cic.
1045 805 1108 844 ep.
1131 791 1181 829 ad
1204 791 1322 830 Attic.
1349 791 1471 843 vul,
1496 795 1556 843 11,
1580 795 1617 830 2.
1638 815 1687 820 —
1714 791 1828 832 Sulla
1856 792 1930 832 Cn.
1955 791 2138 846 Pompeji
2165 794 2304 846 opibus
2330 812 2409 849 req-

371 866 484 908 navit,
507 859 679 912 Philipp.
699 859 753 908 V,
779 860 840 909 16,
864 860 931 896 44.
958 857 1096 909 quibus
1121 857 1179 897 nil
1203 857 1453 909 frequentius.
1468 879 1514 885 —-
1541 857 1647 897 Male
1673 860 1790 910 igitur
1809 858 2028 911 Xylander,
2047 869 2220 899 vertens:
2248 858 2414 911 Cinnae,

371 927 438 976 qui
461 930 692 979 tyrannidem
716 923 875 962 Romae
900 932 1120 977 occuparat5
1159 924 1268 975 pejus
1292 924 1413 961 etIam
1438 923 1626 974 interpres
1652 922 1755 975 apud
1779 922 1924 962 Reisk:
1963 922 2131 975 Cinnae,
2162 926 2230 975 qui
2255 922 2414 964 Romae

369 1007 492 1029 rerum
524 997 657 1043 potitus
689 999 764 1034 est‚·
796 989 955 1039 propius
987 1000 1082 1025 vero
1117 987 1293 1040 Amyot:
1329 990 1397 1038 qui
1428 993 1534 1027 avait
1566 999 1667 1037 pour
1699 1001 1754 1025 un
1780 996 1906 1038 temps
1931 995 2145 1028 souveraine
2169 996 2363 1040 pnalssance
2388 993 2412 1027 ὲ

369 1052 521 1102 Rome;
547 1054 697 1105 optime
723 1050 931 1091 Dacerius:
963 1053 1032 1104 qui
1057 1057 1159 1093 avait
1181 1070 1226 1092 eu
1250 1051 1288 1090 la
1311 1053 1542 1091 souveraine
1567 1052 1780 1103 puissance.

488 1116 552 1163 ὠς
586 1115 909 1167 ἐπεκράτησε
943 1113 1158 1161 Σύλλας.
1214 1117 1387 1169 Amyot:
1427 1115 1536 1167 Sylla
1568 1129 1609 1154 se
1641 1124 1825 1154 trouvant
1850 1129 1900 1153 au
1927 1117 2054 1155 demus
2081 1117 2130 1155 de
2154 1130 2212 1156 ses
2244 1118 2409 1157 affaires.

373 1180 549 1235 Xyland.
575 1188 614 1220 et
640 1182 802 1233 interpr.
852 1179 996 1220 Reisk:
1032 1179 1149 1233 Sylla
1175 1182 1310 1220 victor.
1365 1180 1509 1219 Dacer:
1542 1180 1697 1220 devenu
1722 1182 1861 1219 maitre
1887 1181 1910 1219 ὲ
1935 1180 2081 1220 Rome.
2110 1203 2159 1209 -—-
2185 1181 2415 1222 Accuratius

370 1246 503 1297 paullo
529 1245 577 1283 de
604 1246 645 1283 vi
670 1253 785 1297 atque
810 1258 882 1283 usu
909 1245 1022 1297 hujus
1047 1246 1152 1284 vocIs
1178 1244 1387 1296 agendum.
1440 1244 1491 1283 Et
1518 1245 1615 1283 illud
1642 1244 1800 1296 quidem
1829 1247 1870 1283 in
1897 1245 2035 1297 vulgus
2059 1254 2223 1298 notum,
2260 1245 2413 1299 κράτος

371 1310 506 1351 vocab.
532 1323 613 1350 non
638 1310 764 1350 solum
792 1313 875 1350 vim
903 1310 1087 1350 denotare
1113 1318 1230 1361 atque
1255 1311 1391 1374 robur>
1420 1323 1497 1361 quo
1525 1313 1610 1361 quis
1635 1319 1691 1349 est
1715 1312 1932 1361 instructus,
1955 1311 2022 1349 sed
2047 1311 2087 1349 id
2111 1325 2280 1363 quoque,
2304 1313 2410 1364 quod

372 1378 517 1416 virium
543 1378 791 1416 contentione
817 1384 987 1429 paratur,
1011 1389 1078 1415 seu
1105 1377 1323 1427 victoriam,
1347 1388 1416 1414 seu
1441 1374 1541 1413 hanc
1568 1373 1672 1427 quod
1700 1376 1960 1427 consequitur,
1983 1388 2186 1416 summum
2212 1377 2342 1430 aliqua
2368 1380 2410 1418 in

369 1456 410 1479 re
436 1445 668 1492 imperium,
701 1454 976 1491 summamque
1010 1444 1279 1478 auctoritatem
1307 1441 1369 1478 vel
1397 1442 1504 1489 quasi
1527 1439 1847 1489 jurisdictionem.
1899 1439 1962 1476 cf.
1987 1440 2108 1478 modo
2132 1441 2299 1479 Homer.
2331 1441 2411 1480 od.

369 1506 406 1557 I,
431 1508 518 1545 355.
557 1507 695 1558 μῦθος
721 1501 946 1556 δ’ὄίνδρεσσι
970 1502 1136 1557 μελήσει
1152 1502 1274 1550 Πᾶσι,
1299 1502 1483 1557 μάλιστα
1510 1499 1655 1555 δ’ὲμοὶ,
1685 1505 1759 1542 τοῦ
1785 1501 1863 1555 γάρ
1890 1502 2078 1555 κράτος
2105 1501 2183 1545 ἔστ’
2213 1505 2270 1545 ἑνὶ
2297 1503 2415 1555 οἴκῳ,

370 1579 409 1609 et
432 1578 551 1610 nostr.
580 1568 690 1608 Caes.
723 1571 794 1608 vit.
823 1581 857 1607 c.
886 1567 1034 1606 XXV:
1076 1564 1123 1605 τὸ
1152 1563 1194 1607 δὲ
1225 1566 1394 1622 σύμπαν
1421 1566 1602 1619 αἱρεθεὶς
1627 1565 1817 1618 κράτος
1850 1562 1935 1618 εἶχε
1962 1570 2036 1607 τοῦ
2063 1566 2254 1622 πολέμου
2282 1567 2412 1620 Οὑερ-

370 1632 561 1687 γεντόριξ.
581 1655 630 1664 -
657 1633 806 1671 Aemil.
833 1632 946 1671 Paul.
970 1632 1028 1683 X,
1053 1634 1095 1670 3:
1126 1632 1195 1670 καὶ
1222 1632 1364 1684 φανεὶς
1388 1627 1517 1676 εὐθύς
1535 1653 1583 1661 —-
1611 1627 1751 1679 ἔδοξεν
1777 1636 1887 1684 νίκην
1912 1634 1980 1670 καὶ
2006 1633 2196 1683 κράτος
2222 1632 2414 1675 πολέμου

371 1695 859 1750 κομίζων-καταβαίνειν
890 1696 947 1742 εἰς
981 1694 1028 1734 τὸ
1057 1696 1221 1741 πεδίον,
1262 1704 1302 1734 et
1332 1707 1432 1746 quos
1459 1694 1570 1732 affert
1604 1694 1658 1732 ibi
1691 1693 1856 1734 Heldius
1891 1709 1931 1735 v.
1960 1698 2030 1748 cl.,
2067 1698 2172 1736 locos
2205 1711 2253 1735 ex
2281 1696 2414 1736 Mario

373 1760 533 1813 xvn,
566 1764 605 1800 4.
632 1769 672 1799 et
697 1760 804 1800 Sulla
830 1760 1034 1812 XXVII,
1068 1762 1092 1799 3
1120 1759 1176 1809 ¹).
1205 1781 1252 1788 ——
1294 1756 1414 1814 Quod
1450 1758 1540 1797 inde
1572 1758 1769 1798 derivatur
1796 1760 1959 1799 verbum
1986 1766 2144 1812 κρατεῖν
2171 1763 2309 1813 igitur,
2348 1770 2415 1800 aut

372 1825 477 1864 idem
502 1834 557 1864 est
583 1825 687 1877 quod
713 1831 851 1872 valere,
879 1832 1012 1879 viqere,
1036 1831 1170 1866 validis
1195 1827 1426 1863 instructum
1452 1836 1531 1861 esse
1556 1828 1705 1871 viribus,
1730 1833 1797 1862 aut
1822 1823 1880 1863 his
1901 1826 2047 1864 viribus
2072 1828 2130 1864 uti
2147 1825 2338 1879 significat
2364 1826 2413 1865 ad

375 1890 621 1929 debellandos
640 1891 734 1929 alios
759 1898 798 1928 et
822 1890 946 1929 fausto
972 1890 1131 1940 quidem
1155 1903 1339 1941 successu,
1363 1895 1506 1930 vincere
1531 1890 1662 1940 igitur,
1686 1907 1876 1944 superare,
1902 1893 1945 1928 ln
1970 1897 2140 1932 ditionem
2165 1892 2231 1931 vel
2254 1903 2412 1947 potesta-

375 1966 443 1996 tem
469 1961 656 2009 reanqere,
687 1963 752 1993 aul
780 1954 829 1993 de
855 1965 903 1993 eo
930 1953 1097 2006 denique
1123 1962 1350 2007 usurpatur,
1374 1955 1441 2006 qui
1465 1971 1642 1994 summum
1667 1955 1710 1993 in
1735 1955 1829 1993 alios
1854 1966 1995 1996 exercet
2018 1962 2233 2010 imperium,
2257 1969 2413 1996 summa

373 2023 474 2058 inter
499 2033 563 2058 eos
582 2020 722 2058 fruitur
745 2021 988 2071 auctoritate,
1016 2033 1133 2071 quem
1153 2028 1338 2059 nostrates
1362 2018 1491 2066 „einen
1506 2017 1770 2065 wladytbabcrss
1798 2019 1943 2058 dicunt.
1997 2019 2091 2075 Quo
2117 2020 2174 2073 fit,
2199 2029 2242 2060 ut
2256 2030 2324 2060 aut
2344 2022 2415 2060 ab-

375 2084 501 2123 solute
526 2093 715 2136 ponatur,
739 2093 806 2123 aut
832 2098 923 2122 cum
950 2087 1124 2136 genitivo
1150 2086 1231 2136 ejus
1255 2086 1334 2134 rei,
1359 2097 1478 2135 quam
1506 2086 1591 2134 quis
1615 2088 1834 2135 superavit,
1859 2094 1925 2123 aut
1951 2099 2042 2123 cum
2069 2086 2223 2136 dativo,
2247 2086 2412 2123 localem

375 2161 492 2199 quem
518 2156 681 2201 vocant,
714 2149 966 2199 conjunctum
1000 2150 1227 2201 reperiatur.
1283 2147 1435 2187 Eadem
1471 2150 1605 2187 omnia
1638 2148 1686 2187 de
1712 2148 1834 2191 verbo
1870 2152 2084 2201 composito
2119 2143 2410 2199 ἐπικρατεῖν

430 2307 468 2347 ¹)
494 2306 549 2340 Ibi
578 2305 672 2340 enim
698 2301 884 2354 κράτος
910 2301 1102 2345 πολέμου
1128 2307 1213 2351 quid
1231 2308 1300 2342 sibi
1318 2308 1416 2352 velit,
1444 2307 1601 2352 intelligi
1621 2308 1754 2352 nequit,
1783 2307 2052 2341 nisi.summum
2074 2308 2108 2340 id
2133 2316 2214 2340 esse
2234 2307 2320 2340 belli
2349 2318 2413 2341 ar-

496 2370 652 2413 bitrium,
680 2370 836 2404 victoria
864 2374 1004 2414 partum
1030 2370 1094 2404 tibi
1121 2371 1305 2406 sumseris.
1357 2373 1579 2407 Vei-tendum
1608 2372 1723 2416 igitur
1749 2372 1833 2406 erit:
1861 2372 1921 2406 ubi
1949 2372 1984 2405 in
2010 2380 2132 2405 eorum
2161 2381 2321 2417 numero,
2350 2372 2410 2416 qui

497 2435 724 2469 consulatum
750 2436 933 2478 petebant,
958 2434 1060 2468 visus
1086 2440 1160 2469 est:
1188 2437 1238 2470 ita
1265 2441 1322 2470 est
1346 2441 1522 2479 exceptus
1548 2440 1588 2469 ut
1614 2447 1685 2470 non
1712 2437 1963 2479 magistratum
1988 2436 2170 2478 petiturus
2190 2437 2225 2469 in
2245 2445 2410 2478 campum

497 2499 717 2533 descendere
745 2497 941 2543 videretur,
968 2499 1033 2532 sed
1059 2500 1160 2533 velut
1186 2500 1218 2534 si
1244 2501 1445 2545 victoriam,
1472 2501 1625 2543 ideoque
1653 2511 1826 2534 summum
1854 2499 1937 2534 belli
1965 2500 2153 2535 arbitrium
2181 2502 2325 2534 afferret
2354 2501 2412 2534 ei-

496 2564 601 2598 vibus
629 2566 736 2606 atque
762 2563 948 2606 red-deret3
976 2563 1058 2599 καί
1082 2573 1181 2609 vero,
1209 2568 1249 2598 ut
1274 2565 1416 2600 latinor.
1442 2571 1562 2618 atque,
1587 2574 1698 2608 saepe
1725 2563 1923 2598 sententias
1950 2564 2086 2598 addere
2104 2574 2200 2598 nexu
2228 2574 2411 2599 consecu-

496 2629 570 2662 tivo
598 2637 678 2661 eum
704 2627 1002 2660 antecedentibus
1029 2628 1266 2671 conjunctas,
1295 2633 1402 2672 atque
1431 2632 1504 2662 tum
1532 2630 1730 2662 vernaculo
1757 2638 1922 2662 sermone
1949 2638 2031 2672 per:
2068 2631 2150 2669 „unb
2177 2628 2295 2671 θύετ’·
2324 2631 2412 2663 red-

499 2693 652 2727 dendum
680 2702 761 2726 esse
792 2692 853 2725 vix
881 2694 936 2726 est
963 2692 1056 2735 quod
1082 2703 1257 2727 moneam.
1923 2738 1940 2765 ²
