2844 3297
513 249 581 293 lv

451 375 615 407 utuntur
647 369 879 407 nominibus.
946 367 1007 406 Cf.
1043 366 1167 407 Cicer.
1195 367 1243 406 de
1276 375 1357 406 nat.
1391 366 1510 404 Deor.
1549 365 1631 404 111.
1663 367 1733 416 32,
1770 367 1841 404 81:
1875 365 1958 406 Cur
1992 370 2174 408 omnium
2206 369 2488 408 crudelissimus

451 433 579 472 Cinna
606 441 687 471 tam
715 434 780 471 diu
807 438 1003 486 reymwit?
1048 432 1107 471 ld.
1134 432 1182 471 de
1201 432 1355 484 harusp.
1371 433 1557 484 responsis
1582 445 1613 470 c.
1632 429 1776 481 XXV,
1794 433 1865 470 54:
1889 429 1995 471 Cum
2014 430 2182 472 Octavio
2201 434 2347 487 collega
2366 432 2494 473 Cinna

452 498 631 537 dissedit:
668 499 823 549 utrique
861 497 1005 535 horum
1041 498 1208 537 secunda
1247 498 1400 536 fortuna
1431 495 1638 550 reqvaum1)
1670 503 1724 534 est
1748 496 1907 548 largita,
1939 496 2100 536 adversa
2126 506 2309 538 mortem.
2359 498 2493 537 Valer.

453 563 612 602 Maxim.
640 562 716 614 Vl,
744 565 782 613 9,
808 564 855 600 6:
893 562 1035 613 „Sulla
1062 584 1110 590 —
1137 561 1287 601 Cinnae
1313 568 1591 602 dominationem
1619 558 1763 613 fregit.“
1790 569 1860 599 etc.
1888 582 1937 589 —
1970 560 2084 615 Quae
2109 564 2141 600 si
2165 567 2496 614 reputaverimus,

452 629 529 672 vix,
554 628 708 679 opinor,
726 629 768 665 in
789 626 987 680 Xylandri
1009 626 1199 665 abibimus
1214 634 1353 677 partes,
1371 624 1418 663 de
1437 625 1572 664 vocab.
1598 630 1869 679 μοναρχεῖν
1894 639 1966 664 usu
1991 626 2086 664 haec
2111 625 2340 666 adnotantis:
2366 628 2492 679 „Usus

450 700 505 730 est
530 692 606 730 hoc
631 691 823 732 vocabulo
850 691 1078 729 Plutarchus
1103 690 1166 729 hic
1191 695 1454 746 aliquantulum
1479 696 1692 744 improprie.
1741 688 1795 729 M
1801 688 2016 743 ονάρχης
2039 704 2108 730 seu
2133 690 2397 744 μόναρχος
2421 706 2492 745 pro

451 768 630 810 tyranno,
667 764 706 794 et
731 759 1006 808 μοναρχεῖν
1032 768 1104 806 pro
1130 759 1361 807 tyrannidem
1385 771 1514 805 gerere
1540 754 1645 805 apud
1670 754 1841 794 Graecos
1864 768 1978 807 saepe
2005 755 2187 795 dicuntur
2212 764 2345 794 etc.—
2360 756 2495 797 Nimi-

451 835 540 860 rum
566 821 606 859 id
633 820 811 860 vocabuli
837 828 922 858 tum
949 833 1043 858 eum
1070 818 1241 870 denotat,
1267 819 1335 870 qui
1360 824 1457 859 solus
1481 832 1615 859 rerum
1636 827 1785 876 politur,
1809 827 1920 878 idque
1945 821 2112 875 injuste.“
2140 817 2371 873 Μονάρχης
2387 824 2493 864 enim

450 890 491 924 in
518 889 744 924 universum
771 899 865 923 eum
891 885 1071 935 denotat,
1096 887 1162 935 qui
1187 884 1311 934 solus,
1346 883 1395 921 ad
1420 897 1534 921 suum
1561 887 1677 923 unius
1701 886 1904 923 arbitrium
1931 895 2048 937 atque
2072 886 2316 925 voluntatem
2342 897 2493 926 exercet

448 953 660 1003 imperium
689 950 901 1002 quoddam,
912 952 1012 1002 regit
1037 951 1238 989 civitatem
1265 957 1382 1000 atque
1411 948 1667 1000 administrat,
1690 962 1757 988 seu
1776 949 1939 988 liberam
1955 950 2065 988 illam
2092 958 2218 1001 antea,
2243 950 2493 1002 pluribusque

447 1024 626 1054 utentem
653 1016 817 1053 summis
842 1014 1145 1067 magistratibus,
1187 1027 1209 1051 a
1237 1014 1373 1065 quibus
1398 1012 1495 1051 adeo
1520 1016 1747 1065 provocatio
1773 1022 1868 1053 esset
1893 1013 1942 1052 ad
1968 1014 2160 1067 populum
2189 1011 2494 1067 (ὑπευθύνοις),

446 1094 515 1120 seu
540 1081 752 1132 antiquitus
776 1082 831 1119 ita
857 1080 1155 1124 conformatam,
1180 1087 1224 1117 ut
1249 1092 1366 1129 penes
1392 1092 1518 1117 unum
1533 1100 1582 1106 —
1607 1092 1675 1117 rex
1702 1081 1769 1129 qui
1795 1087 1834 1117 et
1860 1087 1956 1117 esset
1981 1088 2019 1117 et
2045 1087 2310 1119 vocaretur—
2337 1092 2491 1118 summa

447 1154 542 1184 esset
578 1158 714 1183 rerum
748 1152 935 1196 potestas,
964 1157 1119 1182 summa
1144 1145 1374 1195 auctoritas,
1407 1156 1564 1182 summa
1591 1141 1766 1195 dignitas.
1820 1141 1941 1198 Quod
1965 1144 1996 1183 si
2022 1143 2264 1194 tenebimus,
2295 1142 2335 1182 id
2359 1145 2490 1184 statim

448 1210 635 1257 elucebit,
665 1223 765 1248 num
795 1211 882 1259 jure
918 1211 1004 1259 qui⁵
1031 1207 1244 1261 μόναρχον
1278 1220 1319 1246 se
1351 1216 1482 1259 gerat,
1517 1221 1568 1246 an
1600 1210 1764 1258 injuste,
1800 1209 1989 1259 malisque
2025 1208 2168 1247 artibus
2193 1221 2282 1247 eam
2306 1211 2491 1247 invaserit

448 1274 698 1327 dignitatem,
722 1272 763 1311 id
790 1288 835 1312 ex
862 1275 978 1311 totius
1002 1275 1233 1312 narrationis
1258 1273 1414 1324 indole,
1445 1274 1723 1312 sententiarum
1749 1286 1875 1325 nexu,
1908 1281 2025 1325 atque
2050 1274 2207 1326 populi,
2234 1273 2281 1313 de
2308 1287 2386 1326 quo
2412 1276 2490 1326 agit

443 1342 618 1391 scriptor,
643 1340 826 1377 institutis
850 1346 889 1376 et
915 1338 1089 1376 moribus
1113 1337 1325 1389 dijudicari,
1352 1339 1520 1375 minime
1545 1349 1640 1376 vero
1666 1337 1778 1375 illam
1804 1343 1941 1391 injusti,
1970 1351 2047 1390 quo
2073 1341 2158 1390 quis
2171 1346 2305 1394 potitus
2320 1346 2367 1381 sit
2386 1340 2489 1389 (non

446 1404 657 1459 ‚,potiatm·“
686 1403 792 1455 quod
818 1412 873 1442 est
900 1402 1004 1454 apud
1029 1402 1311 1455 Xylandrum)
1337 1405 1493 1454 imperii
1511 1401 1845 1454 significationem,
1865 1417 1994 1454 neque
2019 1407 2233 1455 propriam,
2254 1418 2382 1455 neque
2408 1407 2489 1443 im-

444 1470 647 1521 propriam
672 1470 794 1507 inesse
831 1469 873 1507 in
898 1466 1090 1507 vocabulo
1119 1466 1200 1505 illo.
1269 1464 1389 1522 Quod
1424 1474 1468 1505 ut
1502 1480 1572 1520 per
1600 1479 1640 1507 se
1666 1474 1722 1506 est
1745 1467 1974 1520 verisimile,
2011 1468 2064 1507 ita
2090 1468 2360 1521 exemplorum
2385 1468 2490 1509 nube

447 1535 704 1573 demonstrari
730 1540 878 1585 potest,
903 1532 976 1570 hac
1002 1540 1136 1571 mente
1161 1545 1248 1571 usos
1275 1545 1354 1570 esse
1373 1531 1541 1572 Graecos
1565 1531 1757 1570 vocabulo
1783 1535 2005 1584 μοναρχία,
2024 1545 2193 1584 quorum
2209 1546 2331 1586 pauca
2350 1534 2490 1574 afferre

445 1599 566 1638 lubet.
617 1598 727 1638 Caes.
766 1612 797 1637 c.
824 1597 959 1636 LVII.
997 1595 1195 1650 πολέμων
1219 1597 1287 1633 καὶ
1321 1598 1458 1634 κακῶν
1496 1592 1712 1648 ἀναπνοήν
1750 1593 1968 1649 ἡγούμενοι
2004 1595 2078 1640 τήν
2117 1602 2413 1649 μοναρχίαν
2439 1620 2487 1627 -

445 1661 735 1714 δικτάτωρα
758 1659 888 1700 αὐτὸν
914 1659 1167 1713 κατέστησαν
1194 1657 1263 1699 διά
1290 1659 1455 1704 βίου.-
1471 1659 1566 1716 Quo
1582 1673 1674 1699 cum
1690 1660 1781 1699 loco
1807 1660 1855 1699 cf:
1881 1659 2110 1699 XXXVII.
2137 1658 2228 1699 ἀλλ’
2249 1659 2292 1701 ἑν
2320 1660 2490 1715 ἡμέραις

443 1724 585 1767 ἕνδεκα
612 1725 683 1780 τήν
709 1727 1001 1777 μοναρχίαν
1042 1724 1226 1773 (dictator
1259 1724 1401 1772 dictus)
1437 1723 1724 1779 ἀπειπάμενος
1755 1745 1807 1753 -
1869 1720 2032 1764 ὕπατον
2057 1723 2315 1774 δ’ἀναὸείξας
2339 1722 2488 1764 ἑαυτὸν

444 1791 513 1829 καὶ
541 1787 781 1842 Σερουίλιον
814 1787 1046 1840 Ἰσαυρικόν
1080 1797 1153 1827 etc.
1188 1788 1405 1827 XXVIII.
1443 1786 1601 1828 Πολλοὶ
1635 1780 1776 1843 δ’ἤσαν
1810 1789 1850 1826 οἱ
1882 1789 1950 1826 καὶ
1984 1786 2113 1836 λέγειν
2145 1786 2378 1841 τολμῶντες
2410 1785 2489 1842 ἤδη

446 1852 554 1909 πλήν
581 1851 667 1894 ὑπὸ
702 1856 994 1909 μοναρχίας
1027 1851 1251 1905 ἀνήκεστον
1277 1847 1378 1891 εἶναι
1406 1849 1477 1906 τήν
1503 1850 1732 1898 πολιτείαν,
1758 1861 1798 1892 et
1821 1853 1954 1905 paullo
1978 1860 2086 1905 post:
2120 1850 2295 1902 ἀγαπᾷν
2321 1852 2358 1891 εἰ
2384 1851 2490 1906 πρὸς

446 1917 570 1973 μηδὲν
606 1924 741 1970 χεῖρον
768 1916 911 1963 αὐτοῖς
936 1914 1050 1957 ἀλλά
1077 1921 1364 1972 μοναρχίαν
1392 1916 1619 1956 ἐκπεσεῖται
1645 1914 1698 1955 τά
1725 1915 1970 1970 πράγματα.
2020 1916 2114 1956 ibid.
2138 1914 2196 1964 ὠς
2214 1913 2270 1971 μή
2292 1915 2488 1962 βιάσαιτο

448 1982 700 2035 δικτάτωρ
726 1980 922 2033 ’γενέσθαι
958 1979 1283 2035 νομιμωτέρᾳ
1319 1984 1583 2037 μοναρχίᾳ
1619 1983 1939 2035 παρηγορηθείς.
1983 1981 2125 2034 Pomp.
2153 1981 2306 2021 XXV:
2332 1981 2488 2034 ἔγραψε

448 2046 492 2089 δὲ
524 2046 715 2097 Γαβίνιος
742 2045 872 2088 νόμον
899 2045 947 2085 οὐ
976 2050 1229 2100 ναυαρχίαν,
1263 2042 1448 2099 ἄντικρυς
1474 2043 1517 2086 δὲ
1554 2050 1847 2099 μοναρχίαν
1873 2044 1992 2095 αὐτῷ
2019 2045 2186 2085 διδόντα
2218 2047 2286 2085 καὶ
2314 2044 2486 2099 δύναμιν

447 2113 514 2151 ἐπὶ
542 2111 706 2157 πάντας
733 2108 988 2162 ἀνθρώπους
1013 2108 1392 2149 ἀνυπεύθυνον.
1436 2111 1527 2149 ibid.
1553 2109 1679 2148 XXI.
1707 2102 1754 2164 ἦν
1780 2121 1838 2155 τις
1861 2108 2030 2162 ὑποψία
2054 2111 2123 2151 καὶ
2152 2108 2246 2158 δέος
2265 2108 2385 2156 ώς-
2407 2111 2485 2154 βα-

448 2174 663 2228 διουμένου
684 2176 732 2215 δι’
751 2170 893 2213 ὅπλων
906 2175 974 2213 καὶ
1002 2179 1291 2228 μοναρχίας
1315 2170 1502 2228 ἄντικρυς
1527 2173 1596 2213 ἐπὶ
1621 2171 1692 2228 τήν
1719 2171 1866 2213 Σύλλα
1891 2173 2119 2213 πολιτείαν.
2159 2173 2245 2214 Cat.
2271 2189 2326 2214 m.
2353 2174 2485 2214 XLV.

446 2238 489 2288 ἐξ
509 2234 564 2278 ὧν
591 2238 640 2279 οὐ
654 2238 811 2294 λέληθε
838 2237 884 2276 δι’
913 2237 1116 2291 ἀναρχίας
1135 2242 1427 2294 μοναρχίαν
1446 2236 1584 2288 ἑαυτῷ
1598 2236 1933 2291 μνηστευόμενος.
1962 2225 2203 2279 CaesIXLI.
2216 2237 2401 2288 ἐκάκιζον
2414 2238 2484 2279 τὸν

503 2383 623 2425 ¹)‚De
649 2383 718 2417 hoc
746 2382 928 2417 invidioso
957 2383 1132 2417 vocabul:
1158 2397 1247 2429 rex,
1271 2398 1446 2436 regnum,
1471 2398 1629 2435 regnare
1654 2385 1749 2428 apud
1778 2384 1929 2419 Latinos
1955 2395 2024 2419 usu
2052 2388 2101 2420 cf.
2128 2386 2180 2420 sis
2209 2386 2287 2420 Liv.
2314 2386 2422 2430 XXI,
2449 2387 2483 2420 3.

565 2449 688 2490 ibique
714 2448 883 2491 interpr.,
930 2447 1105 2491 imprimis
1135 2449 1196 2491 qui
1232 2458 1347 2492 nuper
1378 2450 1476 2482 hunc
1511 2450 1641 2482 librum
1681 2450 1714 2482 iu
1741 2459 1846 2483 usum
1881 2449 2067 2484 studiosae
2096 2450 2301 2493 juventutis
2328 2450 2483 2495 egregie

566 2514 783 2546 instructum
809 2512 933 2555 edidit,
959 2514 1130 2555 Fabrum,
1158 2515 1400 2555 professorem
1422 2513 1784 2557 Norimbergensem3
1812 2515 1962 2547 Sallust.
1990 2516 2157 2558 [ugurth.
2185 2525 2216 2548 c.
2232 2515 2366 2557 LXIV,
2391 2515 2427 2548 6.
2452 2525 2482 2549 o.

564 2577 700 2611 Kritzii
728 2579 834 2620 nota,
862 2577 1007 2611 Catilin.
1033 2587 1065 2612 c.
1092 2577 1254 2621 XLvl13
1295 2578 1460 2613 Ciceron.
1489 2579 1534 2613 de
1559 2578 1718 2612 Divinat.
1744 2579 1801 2623 11,
1837 2579 1909 2622 54,
1949 2578 2034 2612 110.
2086 2580 2270 2625 „Quorum
2297 2576 2482 2621 (Sibyllae

565 2642 757 2682 versuum)
785 2640 964 2683 interpres
994 2651 1112 2685 nuper
1137 2660 1187 2666 —-
1222 2641 1385 2675 dicturus
1419 2641 1457 2676 in
1490 2644 1620 2676 senatu
1655 2643 1869 2686 putabatur:
1917 2652 2017 2688 cum,
2052 2653 2157 2687 quem
2184 2651 2223 2675 re
2250 2651 2337 2676 vera
2363 2657 2480 2694 regem

566 2708 800 2750 habebamus,
827 2708 1093 2756 appellandum
1119 2716 1262 2749 quoque
1289 2717 1371 2740 esse
1396 2721 1539 2757 regem,
1565 2707 1597 2739 si
1625 2706 1717 2740 salvi
1744 2717 1826 2741 esse
1854 2705 2064 2741 vellemus.“
