2921 3298
571 189 617 234 X

504 312 623 349 niis?
650 329 698 335 -—
729 308 880 347 Verum
907 306 981 346 hoc
1006 313 1073 356 est,
1098 313 1215 356 atque
1240 304 1362 356 probe
1386 305 1626 357 notandum,
1650 321 1780 360 neque
1808 322 1903 349 vero
1929 311 2014 350 talis
2038 311 2268 350 narrationis
2293 311 2544 364 discrepantia

502 381 548 416 in
572 376 785 415 Plutarcho
818 373 1017 414 ostendere
1048 379 1186 425 potest.
1240 371 1424 425 Pugnant
1453 379 1534 411 tam
1569 372 1694 411 multa
1729 375 1771 412 in
1802 374 1874 413 hac
1907 374 2079 416 Caesaris
2111 378 2192 416 vita
2226 391 2318 417 cum
2350 379 2414 429 iis,
2445 391 2545 429 quae

503 451 594 483 sunt
618 440 722 493 apud
735 438 974 479 Suetonium
1001 438 1196 489 aliosque,
1234 451 1411 489 quaeque
1437 436 1541 488 apud
1566 444 1778 488 utrumque
1802 440 1920 478 simili
1939 441 2058 479 modo
2083 449 2237 480 narrata
2257 450 2425 494 exstant,
2458 451 2542 482 tam

508 508 659 545 diverso
700 503 836 542 ordine
878 510 969 542 sunt
1004 501 1186 555 disposita
1229 510 1345 554 atque
1389 503 1489 541 inter
1524 514 1563 540 se
1600 503 1831 554 conjuncta,
1871 513 1915 543 ut
1946 508 2111 545 omnino
2148 506 2311 547 dubium
2348 522 2427 548 esse
2463 521 2545 548 non

506 574 641 624 possit,
666 584 688 608 e
715 568 875 609 diversis
902 576 1115 620 utrumque
1139 581 1206 607 sua
1232 567 1397 607 hausisse
1422 566 1603 605 fontibus.
1658 567 1766 623 Quid
1792 570 1909 620 igitur
1935 572 2107 624 mirum,
2138 573 2170 611 si
2197 573 2315 611 etiam
2341 573 2413 613 hac
2438 576 2479 613 in
2504 588 2546 614 re

506 638 601 677 alios
626 644 803 675 auctores
827 634 1096 685 Plutarchum,
1122 635 1217 672 alios
1244 632 1482 671 Suetonium
1504 641 1622 682 atque
1648 633 1848 683 Vellejum
1875 643 2051 672 secutum
2078 649 2156 674 esse
2182 636 2544 688 deprehendamus?

505 701 640 741 lmmo
676 700 716 739 id
750 698 1008 744 contendam,
1040 705 1169 738 nostra
1207 696 1368 737 demum
1404 696 1443 736 h.
1477 697 1506 736 l.
1534 697 1790 749 explicatione
1825 699 2006 750 probata,
2043 702 2283 751 singularum
2318 707 2549 742 narrationis

507 767 761 804 Plutarcheae
785 766 955 814 partium
981 776 1127 800 nexum
1153 770 1268 813 atque
1294 763 1609 813 conjunctionem
1637 774 1745 814 posse
1770 763 1934 816 intelligi
1959 771 2075 816 atque
2101 764 2302 817 explicari,
2328 773 2547 808 ceterorum

507 829 813 881 interpretationi
841 829 871 867 si
898 834 936 866 te
961 826 1214 878 adscripseris,
1239 828 1373 865 omnia
1389 827 1514 866 videri
1539 828 1778 865 incredibilia
1797 837 1914 879 atque
1929 830 2043 879 plane
2056 828 2353 882 αἰνιγματώδη.
2407 831 2550 870 Caesar

507 894 734 932 Corneliam
766 899 812 931 ut
847 891 1016 930 dimittat
1048 892 1159 931 nullo
1197 891 1317 930 modo
1356 890 1496 931 adduci
1530 900 1656 942 potest
1688 914 1734 919 —
1772 892 1886 931 hostis
1917 896 2024 931 enim
2060 893 2134 931 fuit
2167 902 2283 945 atque
2309 895 2548 935 adversarius

506 958 659 1009 Sullae,
682 957 817 997 oderat
828 955 992 1009 Sullam,
1016 956 1066 996 ob
1094 958 1359 996 necessitatem
1385 970 1476 995 cum
1489 955 1616 996 Mario
1642 956 1720 1005 (sic
1745 959 1851 996 enim
1877 958 2069 1009 explicant
2094 959 2227 1010 vulgo,
2252 972 2351 1011 quae
2375 974 2547 1012 sequun—

504 1034 588 1071 tur;
616 1036 735 1074 quam
760 1035 854 1061 vere
878 1023 978 1061 infra
1002 1022 1257 1070 videbimus).
1307 1021 1443 1059 Nihilo
1468 1023 1598 1060 minus
1623 1019 1744 1074 Sulla,
1770 1022 1865 1060 dum
1893 1024 1934 1061 in
1960 1023 2054 1062 alios
2081 1025 2218 1076 saevit,
2242 1026 2431 1064 intactum
2444 1023 2547 1065 Cae-

505 1102 632 1129 sarem
658 1096 775 1140 atque
799 1088 1036 1128 inviolatum
1053 1087 1250 1139 relinquit,
1276 1087 1381 1138 quod
1406 1087 1472 1125 ille
1498 1101 1580 1126 non
1604 1090 1692 1126 satis
1708 1088 1864 1139 habens,
1887 1089 2144 1126 sacerdotium
2171 1092 2359 1140 petiturus
2375 1092 2417 1128 in
2443 1090 2548 1141 pub-

503 1155 627 1192 licum
654 1152 785 1205 prodit
813 1160 886 1191 etc.
941 1151 1024 1190 Cur
1049 1151 1207 1190 tandem
1234 1165 1305 1204 per
1331 1151 1435 1191 Deos
1460 1153 1702 1191 immortales
1729 1151 1843 1193 Sulla
1869 1160 2070 1205 tantopere
2098 1151 2240 1193 Caesar
2266 1162 2312 1194 ut
2337 1154 2547 1194 dimitteret

508 1218 736 1258 Corneliam
762 1217 984 1257 nitebatur?
1032 1217 1202 1255 Nolebat
1228 1220 1356 1268 enim,
1394 1215 1688 1255 Schmiederum
1722 1221 1753 1255 si
1778 1217 1928 1268 audias,
1963 1231 2202 1269 quemquam
2233 1222 2452 1257 amicorum
2477 1233 2548 1271 per

504 1296 666 1321 uxorem
693 1282 863 1320 hostium
895 1293 1055 1319 suorum
1089 1293 1168 1319 esse
1201 1283 1483 1331 propinquum.
1510 1303 1562 1312 —
1597 1281 1688 1318 Ain’
1716 1283 1783 1318 tu?
1833 1281 2010 1332 Sullam,
2044 1285 2110 1334 qui
2138 1283 2270 1334 paullo
2302 1292 2387 1334 post
2413 1287 2548 1324 amicis

505 1347 736 1399 quibusdam
763 1345 948 1396 Caesaris,
971 1359 1022 1383 ne
1047 1343 1279 1383 interficeret
1305 1358 1398 1382 eum
1426 1344 1730 1394 deprecantibus,
1756 1346 2014 1395 responderit,
2037 1347 2171 1384 stultos
2197 1360 2262 1384 eos
2287 1360 2378 1394 esse,
2400 1350 2432 1385 si
2458 1349 2548 1386 huic

502 1412 669 1462 puerulo
687 1411 832 1449 multos
856 1412 977 1447 inesse
991 1408 1136 1446 Marios
1161 1420 1243 1446 non
1268 1407 1463 1459 viderent,
1488 1406 1647 1447 Sullam
1672 1408 1787 1447 illum
1813 1408 1899 1447 dico
1925 1416 1963 1448 et
1988 1411 2117 1462 ipsum
2133 1417 2216 1449 tam
2243 1409 2405 1450 stultum
2435 1411 2548 1452 fuisse

504 1484 700 1528 putemus,
725 1483 768 1514 ut
788 1473 1008 1525 Caesarem,
1031 1472 1253 1512 Mariorum
1282 1465 1506 1523 cognatum,
1531 1480 1571 1510 et
1595 1474 1704 1523 quasi
1725 1473 1922 1512 vindicem
1942 1474 2135 1522 relictum,
2162 1477 2335 1514 amicum
2360 1475 2432 1516 sibi
2457 1490 2549 1529 esse,

509 1549 597 1591 aut,
621 1544 651 1579 si
678 1539 801 1579 modo
826 1537 979 1578 Cinnae
1004 1537 1127 1577 filiam
1156 1537 1374 1586 dimisisset,
1399 1539 1573 1576 amicum
1598 1538 1669 1576 sibi
1694 1538 1869 1576 futurum
1895 1538 2168 1577 arbitraretur?

626 1606 711 1642 Aut
737 1603 806 1654 qui
832 1611 957 1653 potest
983 1602 1106 1653 credi,
1131 1604 1262 1639 virum
1290 1601 1404 1638 illum
1425 1601 1812 1640 vehementissimum
1837 1601 1943 1651 (Cic.
1955 1602 2115 1655 Philipp
2135 1602 2218 1650 xl,
2237 1605 2274 1655 1,
2290 1606 2333 1643 1:
2359 1603 2406 1643 L.
2418 1603 2547 1644 Cinna

504 1669 684 1719 crudelis,
724 1667 770 1708 C.
795 1667 943 1707 Marius
966 1668 1009 1706 in
1032 1665 1230 1706 iracundia
1257 1678 1532 1718 perseverans,
1557 1665 1603 1705 L.
1628 1665 1735 1706 Sulla
1761 1667 1975 1716 vehemens)
1999 1670 2086 1708 satis
2111 1668 2309 1721 habuisse,
2332 1677 2377 1708 ut
2403 1668 2548 1709 Caesa-

504 1750 602 1786 rem,
628 1737 696 1786 qui
722 1733 948 1773 Corneliam
974 1745 1056 1771 non
1081 1731 1329 1782 dimittendo,
1352 1744 1434 1769 non
1464 1731 1550 1769 dico
1576 1734 1755 1770 animum
1782 1732 1986 1784 hostilem,
2020 1741 2059 1771 at
2084 1741 2218 1772 tamen
2245 1735 2423 1773 animum
2449 1747 2548 1773 con-

496 1808 677 1849 stantem,
701 1798 884 1849 flectique
908 1800 1083 1836 nescIum
1109 1804 1266 1835 testatus
1291 1805 1387 1835 esset
1412 1798 1499 1848 ipsi,
1523 1798 1651 1836 uxoris
1676 1796 1766 1835 dote
1787 1798 1972 1848 pr1varet,
1996 1797 2071 1835 hoc
2102 1798 2203 1836 sacto
2233 1800 2397 1837 omnino
2423 1801 2546 1837 ratio-

500 1878 596 1904 nem
629 1866 710 1916 ejus
742 1863 912 1915 amplius
951 1875 1032 1900 non
1068 1861 1273 1901 habuisse?
1324 1861 1434 1899 Haec
1470 1867 1572 1900 certe
1609 1861 1658 1900 ab
1683 1863 1793 1900 omni
1818 1860 2156 1901 verisimilitudine
2181 1869 2263 1900 tam
2289 1872 2379 1901 sunt
2402 1864 2547 1914 aliena,

500 1938 545 1968 ut
569 1929 844 1978 Plutarchum,
878 1929 1203 1978 sapientissimum
1227 1928 1473 1978 scriptorem,
1505 1926 1553 1964 de
1579 1927 1623 1964 iis
1646 1939 1698 1963 ne
1723 1927 1904 1978 cogitasse
1932 1926 2091 1978 quidem
2116 1939 2340 1978 persuasum
2368 1927 2545 1967 habeam.

501 1992 644 2033 Nostra
670 2007 763 2031 vero
789 1995 941 2031 ratione
964 1995 1099 2030 omnia
1122 1992 1259 2042 plana:
1287 1991 1402 2030 Sulla
1427 1991 1588 2029 timebat
1614 1990 1821 2029 Caesarem
1840 1998 1956 2042 atque
1981 1991 2134 2039 oderat3
2160 1990 2273 2040 (eam
2289 1993 2396 2030 enim
2423 1993 2544 2031 inesse

499 2059 731 2097 sententiam
773 2056 901 2095 verbis
939 2068 1037 2107 quae
1069 2063 1285 2107 sequuntur
1322 2053 1441 2093 αἰτία
1471 2052 1514 2094 δὲ
1542 2052 1725 2106 Καίσαρι
1758 2059 1829 2108 τῆς
1863 2053 1968 2106 πρὸς
2000 2053 2167 2094 Σύλλαν
2201 2053 2441 2108 ἀπεχθείας
2474 2065 2546 2096 etc.

498 2124 627 2163 statim
652 2120 930 2175 probabimus)
955 2119 1112 2161 videbat
1130 2121 1319 2174 juvenem
1339 2120 1534 2160 erectioris
1559 2122 1717 2172 ingenii,
1741 2121 1934 2171 Mariique
1956 2123 2121 2171 junioris
2138 2120 2255 2158 caede
2269 2130 2548 2172 exasperatum,

502 2188 658 2236 divitiis,
684 2199 778 2238 quas
802 2186 921 2224 simul
946 2198 1038 2223 cum
1062 2197 1181 2224 uxore
1206 2184 1305 2223 dotis
1330 2185 1494 2223 nomine
1519 2192 1718 2236 acceperat
1742 2198 1823 2224 non
1849 2198 2077 2237 parsurum,
2107 2193 2152 2223 ut
2177 2186 2307 2236 ipsum
2331 2187 2545 2237 impugna-

501 2260 573 2301 ret,
596 2251 802 2302 turbasque
822 2252 1005 2289 excitaret
1030 2252 1072 2288 ln
1086 2252 1243 2289 civitate
1268 2252 1387 2288 armis
1412 2249 1574 2287 vixdum
1596 2249 1762 2287 subacta.
1818 2248 2043 2288 Corneliam
2061 2251 2179 2301 igitur
2198 2249 2246 2288 ab
2264 2262 2311 2288 eo
2327 2249 2545 2289 abalienare

499 2314 664 2363 studuit;
691 2317 757 2366 qui
778 2323 939 2355 conatus
959 2321 1004 2353 ut
1021 2327 1128 2353 secus
1147 2316 1267 2365 cessit,
1294 2314 1426 2354 dotem
1444 2315 1525 2365 ejus
1549 2314 1774 2366 publicavit,
1799 2316 1850 2352 ita
1870 2313 2090 2364 caesarem,
2115 2317 2261 2366 quippe
2281 2328 2402 2365 quem
2419 2328 2544 2353 nervo

498 2383 686 2431 privasset
710 2393 841 2419 rerum
862 2379 1136 2430 gerendarum,
1161 2379 1210 2416 ab
1235 2382 1345 2417 omni
1369 2378 1544 2417 novandi
1561 2391 1629 2429 spe
1654 2385 1770 2428 atque
1789 2377 1914 2416 studio
1934 2385 2143 2417 avocatum
2167 2379 2217 2416 iri
2231 2377 2413 2426 confisus;
2440 2378 2545 2430 quod

497 2457 537 2483 se
561 2444 704 2483 frustra
738 2456 904 2496 sperasse
940 2457 1032 2482 cum
1070 2456 1117 2481 ex
1145 2440 1317 2482 Caesaris
1350 2442 1541 2495 pontificii
1572 2444 1761 2495 petitione
1794 2450 2014 2495 cognosset,
2052 2443 2224 2482 inaudita
2255 2443 2372 2495 plane
2396 2445 2439 2482 in
2464 2445 2546 2495 ejus

496 2513 630 2548 aetatis
661 2508 969 2559 adolescentulo,
1006 2509 1070 2547 vel
1102 2522 1227 2560 paene
1261 2521 1384 2560 puero
1422 2531 1470 2537 -
1505 2518 1590 2547 tum
1625 2508 1788 2547 demum
1825 2508 1873 2548 de
1914 2515 2040 2548 morte
2081 2509 2163 2561 ejus
2197 2511 2364 2561 cogitare
2407 2510 2546 2561 coepit,

499 2588 638 2626 quem,
664 2577 738 2614 nisi
760 2583 916 2623 morte,
957 2577 1160 2613 innoxium
1186 2574 1278 2623 sibi,
1318 2575 1629 2627 reipublicaeque
1657 2576 1804 2613 formae
1829 2588 1851 2613 a
1876 2588 1915 2614 se
1942 2576 2170 2614 constitutae
2196 2574 2307 2614 reddi
2332 2585 2439 2626 posse
2462 2576 2544 2627 jam

499 2639 734 2691 desperabat.
