2913 3324
2185 239 2306 284 XIX

332 359 483 398 Histor.
510 358 685 398 Roman.
713 358 761 398 T.
789 358 867 410 111,
891 372 931 410 p.
961 359 1075 408 130.)
1101 360 1303 398 neminem
1328 360 1370 398 in
1395 357 1617 399 flaminium
1643 360 1758 400 Jovis
1782 373 1862 400 esse
1886 360 2092 400 suffectum
2109 382 2157 390 -—
2184 360 2231 398 cf.
2256 359 2364 399 Dion

330 425 356 462 1.
380 424 493 474 LIV,
517 426 586 462 36:
620 428 681 472 τῴ
708 422 826 472 αὐτῷ
852 421 989 469 τούτῳ
1019 421 1155 474 χρόνῳ
1182 419 1254 462 ὅτε
1279 421 1407 473 ἱερεύς
1430 426 1506 462 τοῦ
1522 423 1702 471 Διὸς....
1730 428 1893 477 πρῶτον
1919 421 2023 476 μετὰ
2050 422 2121 462 τὸν
2137 422 2363 476 ,Μέρουλαν

333 487 582 541 ἀπεδείχθη.
616 488 739 527 Tacit.
765 487 913 527 Annal.
938 486 1020 539 ΠΙ,
1045 490 1113 527 58:
1152 486 1283 539 Saepe
1309 486 1508 539 pontifices
1533 488 1663 528 Dialia
1688 502 1791 528 sacra
1815 490 1956 540 fecisse,
1979 492 2009 529 si
2035 488 2181 528 flamen
2208 487 2363 526 valetu-

332 551 423 590 dine
448 560 516 590 aut
541 566 703 592 munere
729 553 885 604 pubIIco
910 553 1182 605 impediretur;
1209 551 1355 591 duobus
1381 553 1473 602 (scr.
1494 553 1584 603 sex)
1610 562 1649 592 et
1673 557 1911 607 septuaginta
1937 556 2046 593 annIs
2072 562 2157 605 post
2181 552 2362 591 Merulae

332 615 490 654 caedem
502 643 601 656 .....
628 620 829 657 neminem
863 618 1091 667 suffectum,
1124 628 1252 670 neque
1284 624 1417 656 tamen
1441 621 1642 658 cessavisse
1667 619 1871 671 religiones
1897 639 1943 645 —
1971 618 2066 656 haec
2091 621 2221 656 omnia
2254 616 2361 669 apud

332 682 508 720 animum
535 690 648 721 tuum
681 684 712 721 si
737 683 990 734 reputaveriS,
1027 682 1111 733 jam
1137 693 1219 719 non
1252 684 1414 734 poteris,
1445 689 1561 735 puto,
1590 696 1672 722 non
1698 682 1891 735 confiteri,
1923 682 2030 720 hunc
2058 684 2161 720 vitae
2187 680 2359 720 Caesaris

330 746 475 797 locum,
499 747 605 798 quod
628 746 677 785 ad
702 747 921 786 historicam
948 747 1153 785 veritatem
1180 744 1417 798 eruendam,
1443 761 1489 786 ex
1515 747 1751 787 difficillimis
1783 762 1887 799 esse,
1916 761 1962 786 ac
1985 756 2111 799 paene
2137 747 2359 798 desperatis,

330 823 546 863 operaeque
566 813 742 864 pretium
769 811 893 851 videri
919 812 1166 862 investigare,
1196 822 1276 849 non
1302 809 1407 862 dico,
1443 812 1537 863 quid
1560 825 1703 854 verum
1730 834 1777 840 —
1816 826 1909 852 nam
1935 812 2010 851 hoc
2035 825 2126 850 cum
2153 814 2195 849 in
2221 810 2359 849 talibus

331 875 540 926 ὁψιγόνυις
568 877 679 915 nobis
705 878 770 915 vix
795 888 970 926 unquam
997 878 1173 914 invenire
1197 889 1418 917 concessum
1442 879 1501 926 sit,
1527 892 1591 917 me
1616 880 1818 927 invenisse,
1842 880 2012 928 virisque
2028 877 2255 914 doctissimis
2279 888 2358 914 esse

327 938 601 992 probaturum,
633 939 676 979 id
714 939 813 978 mihi
838 942 1001 979 omnino
1025 952 1106 979 non
1129 952 1318 982 sumo„—
1350 947 1392 979 at
1424 949 1576 992 tamen,
1614 941 1707 993 quId
1733 942 1908 993 proxime
1934 941 1984 979 ad
2009 953 2149 979 verum
2175 939 2356 978 accedere

329 1004 532 1056 videatur,
556 1008 781 1057 praesertim
807 1019 897 1044 cum
923 1018 1008 1057 spes
1032 1018 1113 1044 non
1138 1006 1246 1057 absit,
1273 1005 1601 1056 Chaeronensem,
1627 1009 1849 1058 'quaestione
1874 1007 1941 1043 tali
1967 1008 2153 1055 instituta,
2177 1006 2355 1055 levitatis,

326 1072 495 1108 incuriae
522 1083 567 1108 ac
592 1083 714 1121 prope
741 1072 909 1108 inscitiae
936 1073 976 1108 in
1001 1070 1113 1108 rebus
1139 1072 1309 1109 romanis
1333 1079 1414 1108 tam
1439 1083 1567 1121 saepe,
1582 1079 1740 1122 tamque
1764 1072 1932 1121 graviter
1951 1071 2233 1121 insimulatum,
2250 1069 2355 1121 quod

329 1134 377 1171 ad
402 1143 577 1172 nostrum
604 1143 706 1171 certe
731 1134 884 1185 locum,
921 1134 995 1171 hoc
1020 1136 1183 1171 crimine
1208 1147 1315 1184 posse
1330 1134 1505 1174 liberari.
1533 1156 1579 1161 »κ-
1621 1134 1751 1173 Altius
1777 1137 1892 1185 igitur
1916 1135 2048 1185 paullo
2074 1134 2330 1185 repetendum
2345 1162 2356 1184 ,

326 1206 441 1249 atque
466 1206 690 1249 temporum
717 1200 758 1236 in
784 1200 863 1237 vita
891 1197 999 1236 Caes.
1024 1200 1193 1236 rationes
1217 1200 1260 1236 in
1286 1210 1449 1240 examen
1474 1206 1588 1236 erunt
1614 1197 1885 1237 vocandae.—
1910 1199 2006 1237 Jam
2025 1201 2198 1250 primum
2224 1197 2265 1236 id
2288 1200 2354 1236 in-

326 1273 383 1302 ter
409 1250 544 1303 omnes
569 1272 736 1314 constat,
773 1259 881 1303 Caes.
906 1266 1075 1303 occisum
1100 1276 1180 1302 esse
1203 1263 1294 1304 idib.
1320 1263 1470 1302 Martiis
1494 1265 1586 1303 anni
1613 1266 1687 1302 709
1715 1264 1786 1311 (cf.
1814 1264 1894 1303 fast.
1922 1262 2070 1315 Capit.)
2105 1264 2237 1301 aetatis
2261 1275 2353 1301 suae

326 1330 646 1381 quinquagesimo
670 1337 775 1368 sexto
801 1330 968 1376 (Sueten.
996 1342 1033 1367 v.
1058 1326 1166 1367 Caes.
1194 1327 1498 1366 LXXXVIII:
1533 1328 1654 1367 Periit
1676 1327 1776 1366 LVI
1803 1330 1935 1367 aetatis
1959 1341 2074 1367 anno.
2110 1328 2213 1366 Plut.
2241 1326 2350 1367 Caes.

323 1392 491 1431 LXIX:
522 1391 688 1446 Θνήσκει
714 1391 882 1443 Καῖσαρ
909 1390 961 1431 τά
987 1388 1060 1444 μὲν
1086 1389 1225 1429 πάντα
1251 1388 1427 1440 γεγονώς
1452 1388 1521 1443 ἔτι]
1539 1391 1791 1443 πεντήκοντα
1815 1394 1882 1430 καὶ
1904 1387 1984 1439 ἕξ).
2013 1391 2136 1430 Natus
2155 1393 2274 1443 igitur
2295 1400 2350 1430 est

323 1472 357 1495 a.
365 1460 438 1496 653
449 1458 566 1506 (100)
581 1465 619 1494 et
632 1457 790 1507 quidem
803 1470 836 1493 a.
847 1457 884 1493 d.
897 1456 956 1493 lv
972 1455 1218 1508 id.Quinctil.
1241 1455 1482 1501 (Drumann.
1493 1454 1574 1505 111,
1587 1469 1626 1505 p.
1638 1454 1769 1493 129.h.
1784 1469 1814 1492 r.
1830 1458 1895 1505 qui
1913 1464 2023 1493 testes
2036 1456 2167 1493 laudat
2180 1455 2351 1494 Macrob.

325 1523 410 1563 Sat.
425 1522 458 1575 1,
471 1524 531 1562 12.
568 1520 729 1562 Calend.
746 1521 941 1561 Amitern.
955 1529 994 1559 et
1006 1520 1156 1559 Antiat.
1172 1520 1214 1559 in
1225 1519 1338 1558 verr.
1355 1519 1500 1572 Flacc„
1522 1519 1624 1559 Fast.
1638 1519 1704 1568 ed..
1719 1519 1881 1573 Foggin.
1896 1533 1935 1572 p.
1953 1520 2057 1569 111.)
2072 1518 2118 1560 C.
2135 1519 2262 1560 Mario
2279 1519 2352 1559 VI.

325 1587 370 1626 L.
384 1587 543 1626 Valerio
553 1587 706 1625 'Flacco
731 1599 848 1637 coss,
875 1588 927 1623 ita
953 1593 997 1623 ut
1022 1598 1069 1623 ex
1090 1585 1272 1624 Suetonii
1297 1593 1428 1623 mente
1454 1585 1663 1632 &Patrem
1697 1588 1825 1623 amisit
1850 1586 1955 1623 XVI
1980 1587 2223 1634 annorum‘)
2249 1598 2352 1624 anno

323 1654 396 1691 669
419 1652 519 1701 (84)
542 1650 617 1690 Cn.
630 1650 809 1691 Carbone
831 1650 890 1702 11,
914 1650 961 1688 L.
981 1649 1098 1689 Corn.
1114 1649 1239 1688 Cinna
1260 1649 1320 1686 IV
1343 1663 1433 1688 coss.
1454 1658 1604 1701 patrem
1626 1652 1807 1701 amisisse,
1832 1652 2005 1701 sequenti
2031 1663 2134 1688 anno
2158 1653 2233 1689 670
2259 1651 2350 1699 (83)

323 1717 370 1755 L.
391 1715 575 1756 Cornelio
590 1715 778 1768 Scipione
797 1716 981 1759 Asiatico,
1009 1713 1055 1754 C.
1069 1714 1252 1753 Narbone
1270 1714 1409 1754 Flacco
1435 1728 1543 1773 coss5,
1568 1727 1761 1754 annorum
1776 1715 1916 1766 XVII,
1936 1719 2139 1770 flamim‘um
2166 1722 2350 1769 accepisse

320 1782 513 1834 putandus
536 1784 595 1819 sit.
621 1803 668 1808 —
694 1782 790 1819 Jam
817 1781 911 1818 haec
942 1794 1013 1831 per
1035 1794 1075 1819 se
1105 1783 1136 1818 si
1168 1782 1397 1831 spectaveris
1422 1780 1559 1831 plana,
1592 1782 1799 1831 omnique,
1836 1789 1880 1818 ut
1912 1780 2085 1830 videtur,
2119 1780 2235 1831 digna
2259 1778 2351 1829 fide,

322 1846 431 1887 nullo
458 1845 578 1884 modo
598 1867 648 1875 —
671 1844 712 1883 id
738 1843 842 1897 quod
869 1843 1051 1883 Bremius
1076 1844 1125 1882 ad
1147 1843 1377 1883 Suetonium
1404 1845 1584 1883 brevibus
1610 1848 1794 1897 exposuit,
1818 1852 1933 1897 atque
1951 1843 2166 1883 Graevium
2193 1857 2349 1896 quoque

323 1915 364 1950 in
389 1919 561 1950 annotat.
588 1909 755 1949 Sueton.
784 1910 945 1948 editioni
972 1910 1021 1947 ad
1047 1909 1193 1947 calcem
1226 1909 1362 1948 addisss
1395 1912 1559 1961 tetigisse
1583 1910 1832 1961 postmodum
1858 1910 1940 1948 vidi
1966 1930 2014 1936 —
2040 1923 2128 1947 cum
2151 1911 2214 1960 iis,
2250 1923 2348 1960 quae

322 1977 495 2027 Vellejus
520 1978 705 2027 narravit,
728 1978 912 2027 componi
937 1988 977 2014 se
1003 1977 1215 2026 patiuntur.
1268 1973 1350 2029 Qui
1375 1986 1467 2013 cum
1493 1972 1696 2013 flaminem
1721 1973 1878 2013 Dialem
1905 1981 2075 2012 creatum
2100 1987 2180 2013 esse
2205 1972 2349 2014 Caesa-

320 2055 405 2080 rem
431 2040 557 2079 tradat
582 2053 603 2078 a
629 2039 757 2079 Mario
783 2039 1009 2091 Cinnaque,
1050 2052 1217 2090 quorum
1253 2040 1315 2078 hic
1349 2052 1382 2077 a.
1410 2040 1483 2078 669
1510 2040 1611 2088 (84)
1644 2052 1666 2079 a
1693 2040 1877 2078 militibus
1901 2039 2145 2077 obtruncatus
2170 2047 2245 2091 est,
2282 2040 2348 2077 ille

320 2107 412 2146 idib.
437 2105 601 2145 Januar.
627 2107 720 2143 anni
746 2106 818 2143 667
846 2104 944 2153 (86)
980 2104 1119 2142 morbo
1154 2117 1353 2156 oppressus
1386 2103 1562 2154 decessit,
1595 2112 1662 2142 aut
1694 2104 2075 2143 inconsideratissime
2108 2104 2256 2142 locutus
2280 2112 2351 2155 est,

321 2180 387 2210 aut
426 2171 466 2209 id
492 2169 724 2209 contendere
755 2169 881 2209 voluit
913 2168 1118 2208 Caesarem
1152 2182 1257 2208 anno
1284 2170 1356 2207 666
1380 2168 1496 2219 (87),
1533 2177 1698 2220 quatuor
1731 2171 1847 2220 igitur
1878 2172 1987 2207 annis
2019 2177 2107 2207 ante
2139 2177 2292 2221 tempus
2325 2182 2348 2207 a

318 2235 478 2275 Sueton.
506 2237 776 2285 constitutum,
801 2233 1020 2272 flaminium
1047 2233 1145 2272 illud
1169 2235 1368 2286 accepisse.
1418 2232 1524 2271 Tum
1551 2246 1647 2272 vero
1674 2232 1815 2272 Caesar
1841 2235 1905 2273 vix
1930 2247 2077 2272 annum
2104 2234 2240 2284 agebat
2265 2243 2348 2273 ter-

319 2304 420 2341 tium
443 2300 663 2348 decimum3
695 2300 924 2339 haberemus
958 2302 1076 2351 igitur
1107 2299 1308 2338 flaminem
1336 2299 1493 2337 Dialem
1527 2311 1609 2337 non
1641 2317 1782 2354 paene,
1819 2299 1922 2351 quod
1955 2312 2059 2338 nunc
2094 2308 2149 2337 est
2182 2301 2224 2339 in
2256 2300 2349 2339 edit.

323 2366 556 2418 VelleJ'anis‚
580 2364 646 2404 sed
670 2371 782 2420 plane
807 2370 994 2417 puerum!
1022 2364 1161 2416 (atque
1186 2364 1227 2403 id
1251 2365 1423 2415 fortasse,
1450 2363 1590 2415 Vellej.
1615 2372 1659 2402 ut
1683 2377 1814 2403 secum
1840 2367 1919 2415 ipse
1942 2366 1983 2401 in
2009 2364 2258 2403 concordiam
2282 2378 2348 2403 re-

320 2432 432 2478 deat,
463 2432 506 2469 in
531 2437 680 2468 textum
705 2428 1012 2481 recipiendum.)
1064 2429 1161 2467 Jam
1186 2429 1261 2468 hoc
1285 2431 1369 2481 quis
1395 2427 1543 2480 credat,
1580 2441 1622 2467 re
1647 2441 1739 2467 vera
1765 2432 1817 2467 ita
1842 2441 1918 2466 esse
1943 2428 2113 2480 sactum,
2138 2431 2206 2481 qui
2228 2430 2348 2469 modo

319 2496 419 2535 illud
443 2497 486 2534 in
509 2496 644 2533 animo
670 2501 818 2544 teneat,
859 2497 1060 2532 neminem
1086 2495 1137 2532 ad
1163 2494 1237 2533 hoc
1264 2493 1516 2534 sacerdotium
1543 2495 1709 2544 potuisse
1735 2495 1959 2543 pervenire,
1996 2495 2070 2532 nisi
2094 2496 2348 2534 maritatum?

321 2561 369 2598 ci:
394 2560 498 2599 Plut.
523 2558 681 2613 Quaest.
707 2557 880 2598 Roman.
906 2557 952 2596 L.
980 2555 1065 2598 Διά
1091 2563 1132 2596 τί
1158 2556 1182 2595 ὁ
1208 2555 1334 2611 ἱερεύς
1358 2560 1431 2598 τοῦ
1452 2554 1554 2604 Διὸς
1579 2554 1879 2610 ἀποθανούσης
1905 2555 2024 2607 αὐτῷ
2051 2560 2121 2612 τῆς
2146 2556 2348 2607 γυναικὸς,

317 2623 546 2664 ἀπετίθετο
571 2621 643 2677 τήν
668 2620 822 2676 ἀρχήνς
850 2622 916 2661 ubi
942 2635 1042 2675 quae
1059 2623 1258 2676 leguntur:
1283 2620 1308 2678 ἢ
1334 2623 1623 2676 συνιερᾶται
1647 2617 1720 2675 μὲν
1747 2619 1770 2672 ἡ
1801 2618 1898 2669 γυνή
1927 2624 1989 2669 τῴ
2016 2621 2145 2674 ἀνδρὶ,
2171 2619 2252 2671 (ὠς
2277 2624 2345 2661 καὶ

319 2684 460 2725 πολλὰ
484 2690 565 2725 τῶν
591 2688 707 2739 ἱερῶν
733 2685 808 2724 οὐκ
834 2683 919 2726 ἔστι
946 2687 1094 2739 δρᾶσαι
1120 2686 1176 2740 μή
1204 2689 1380 2740 ’γαμετῆς
1406 2684 1723 2738 συμπαρούσης)
1749 2682 1797 2724 τὸ
1820 2685 1863 2726 δὲ
1883 2692 2026 2739 ’γαμεῖν
2052 2685 2180 2733 εὐθὺς
2204 2685 2347 2739 ἑτέραν
