2905 3331
570 224 687 270 XIV

506 344 586 383 lam
611 343 757 384 habere
784 344 939 384 videtur
963 343 1248 385 difficultatem.
1307 347 1505 396 Xylander
1530 344 1691 394 quidem
1718 346 1813 398 quid
1839 349 1994 400 legerit,
2032 363 2079 388 ex
2105 351 2283 389 versione
2306 350 2404 400 ejus:
2440 349 2552 390 Julia

506 436 516 446 .
530 434 539 443 ·
552 436 563 447 .
589 422 688 448 uxor
712 408 830 449 Marii
854 409 1013 448 senioris
1037 416 1163 447 mater
1192 408 1357 461 junioris
1380 407 1453 447 fuit
1477 429 1527 435 —
1553 412 1734 460 cognosci
1758 414 1913 463 aequin
1947 418 2103 467 Αηιῃοι,
2142 415 2247 466 quod
2271 415 2552 454 restituendum

507 487 579 513 nos
603 475 805 524 duximus,
828 475 1031 525 expressit,
1055 480 1228 513 vertens:
1267 472 1325 511 La
1349 474 1509 525 parente
1535 485 1632 512 avec
1656 473 1828 526 Marius,
1859 476 1993 529 lequel
2017 484 2121 520 avait
2142 496 2188 521 eu
2212 480 2238 518 ὲ
2261 479 2408 521 semme
2431 479 2555 533 Julia,

507 539 557 580 de
590 538 757 591 laquelle
789 538 819 578 il
850 546 953 581 avait
983 557 1028 581 eu
1055 537 1272 591 (ἐγεγόνει)
1307 539 1345 579 le
1374 542 1493 592 jeune
1525 538 1685 579 Marius.
1742 539 1859 579 Idem
1892 541 2001 581 dedit
2033 548 2237 586 Daca-im.-
2269 559 2336 585 car
2366 546 2404 586 le
2436 548 2554 587 vieux

507 604 654 645 Marius
687 611 792 647 avait
820 611 954 662 epousd
977 605 1101 646 Julia.
1127 627 1175 635 —
1201 604 1391 656 ξυνοικεῖν
1416 604 1552 646 vocab.
1579 604 1629 645 de
1654 618 1775 646 uxore
1799 607 1945 659 pariter
1969 620 2016 647 ac
2046 609 2096 648 de
2121 612 2266 649 marito
2291 611 2367 650 dici
2392 613 2558 652 adnota-

508 679 651 710 verunt
676 671 823 710 Baehr.
862 672 912 710 ad
938 671 1080 723 Pyrrh.
1107 671 1183 709 IV.
1233 670 1351 709 Held.
1377 670 1428 708 ad
1439 670 1588 709 Aemil.
1608 670 1737 710 Paull.
1765 671 1826 711 II.
1875 670 2076 725 Exemplis
2100 673 2149 713 ab
2175 676 2222 715 ils
2247 674 2349 714 hane
2373 677 2417 716 in
2441 690 2554 718 caus-

505 749 591 776 sam
616 736 742 777 allatis
765 735 881 776 addas
907 750 954 775 ex
979 735 1084 775 Plut.
1110 735 1262 775 Aemil.
1289 735 1337 775 P.
1364 735 1499 786 VIII,
1526 738 1588 774 10.
1626 735 1806 785 Λέγεται
1833 734 1877 777 δὲ
1905 735 2007 791 μηδὲ
2045 736 2209 792 γνήσιος
2234 741 2383 793 φῦναι,
2416 739 2558 787 λαβεῖν

505 798 667 842 δἀὐτὸν
705 799 728 853 ἡ
766 801 1072 839 συνοικοῦσα
1099 802 1161 848 τῷ
1186 797 1405 847 Φιλίππῳ.
1458 799 1602 853 Pomp.
1626 799 1714 840 LV.
1761 799 1893 856 χήραν
1918 799 2275 855 ἀπολελειμμένην
2300 805 2444 844 νεωστὶ
2474 804 2556 844 Πο-

509 865 637 904 πλίου
663 867 739 905 τοῦ
765 863 968 917 Κράσσου
994 862 1168 912 παιδὸς,
1195 860 1232 914 ᾧ
1259 863 1542 919 συνῴκησεν
1568 864 1612 905 ὲκ
1638 867 1884 919 παρθενίας.
1938 866 2020 907 Cic.
2045 866 2220 906 XXIX.
2246 863 2319 906 ὅτε
2344 868 2557 908 Λευκούλ-

507 929 567 978 λῳ
596 928 807 979 συνῴκει
835 928 1000 978 (Clodia
1025 929 1114 979 sc.)-
1167 930 1297 970 Adeas
1331 939 1529 982 praeterea
1555 929 1774 983 Wyttenb.
1809 931 1859 970 ad
1894 931 2024 971 Moral
2050 930 2120 983 11,
2154 933 2246 971 894.
2277 939 2318 971 et
2342 931 2493 972 Herod.
2518 932 2560 983 1,

507 997 580 1040 37,
608 997 686 1034 108
714 1003 754 1034 et
780 997 854 1034 173
880 994 942 1034 ed.
965 994 1106 1034 Baehr.

634 1058 715 1109 Ἐξ
751 1053 806 1111 ἧς
852 1059 1084 1109 ἐγεγόνει
1122 1056 1327 1111 ΙΙΙάριος
1375 1059 1400 1099 ὁ
1444 1058 1681 1116 νεώτερος
1727 1059 1934 1114 ἀνὲψιος
1978 1061 2043 1101 ὢν
2090 1059 2373 1112 Καίσαρος.
2452 1061 2558 1103 Cum

508 1126 614 1164 Plut.
653 1124 703 1164 C.
740 1124 915 1164 Marium
951 1125 1057 1164 hunc
1094 1133 1189 1164 natu
1225 1127 1441 1177 minorem,
1479 1125 1609 1165 filium
1643 1127 1761 1166 fuisse
1804 1126 1923 1165 Marii
1958 1128 2099 1179 septies
2137 1127 2304 1166 consulis
2344 1136 2384 1166 et
2417 1127 2481 1167 hic
2519 1137 2559 1167 et

509 1190 616 1244 Syll.
636 1189 848 1242 XXVIII,
871 1190 973 1231 Mar.
998 1189 1170 1229 XXXV
1197 1199 1236 1229 et
1254 1190 1396 1230 XLVI
1423 1191 1535 1231 claris
1558 1191 1687 1231 verbis
1710 1199 1891 1231 narrante
1916 1191 2008 1232 facit
2032 1195 2115 1234 Liv.
2138 1190 2243 1245 Epit.
2267 1191 2315 1231 L.
2332 1191 2560 1233 LXXVII:

509 1255 557 1296 C.
591 1255 741 1296 Marius
771 1255 876 1295 filius
908 1258 951 1294 in
981 1255 1158 1294 Afficam
1191 1258 1360 1308 trajecit,
1395 1255 1652 1295 LXXXVI:
1703 1255 1809 1295 Cum
1843 1256 1890 1295 C.
1930 1257 2080 1296 Marius
2114 1257 2162 1296 C.
2187 1257 2304 1296 Marii
2328 1256 2432 1297 filius
2462 1271 2561 1296 con-

506 1322 565 1360 sul
604 1328 695 1359 ante
742 1332 865 1360 annos
900 1319 1040 1373 viginti
1083 1331 1154 1372 per
1194 1322 1278 1359 vim
1323 1327 1472 1359 creatus
1506 1327 1616 1358 esset.
1686 1326 1815 1373 Vellqz
1848 1326 1994 1363 Patere.
2029 1322 2094 1373 ll,
2130 1324 2202 1362 26:
2242 1322 2343 1363 Inde
2388 1326 2562 1365 consules

506 1387 636 1425 Carbo
682 1385 754 1424 111
804 1394 843 1423 et
887 1385 935 1423 C.
973 1384 1122 1423 Marius
1160 1387 1299 1437 septies
1345 1384 1513 1423 consulis
1555 1382 1672 1423 filius.
1746 1389 1871 1425 Valer.
1916 1390 2071 1426 Man‘m.
2115 1385 2227 1438 Vll,
2271 1388 2317 1439 6,
2361 1390 2402 1427 4.
2483 1387 2560 1428 Di-

506 1464 618 1492 versa
642 1458 775 1491 narrat
799 1450 975 1502 AppIan.
1023 1448 1226 1503 Ῥωμαϊκ.
1261 1446 1415 1502 ὲμφύλ.
1441 1463 1481 1500 p.
1507 1452 1600 1487 402.
1639 1447 1725 1487 Τοῦ
1760 1447 1804 1489 δὲ
1840 1448 2035 1496 ἐπιόντος
2069 1447 2190 1496 ἔτους
2221 1447 2377 1489 ὕπατοι
2411 1452 2486 1505 μέν
2517 1468 2562 1503 γε

508 1514 635 1569 ἤστην
647 1512 855 1567 Παπίριός
879 1526 923 1552 τε
939 1512 1129 1566 Κάρβων
1155 1504 1282 1559 αὖθις
1306 1512 1374 1552 καὶ
1395 1509 1580 1567 Μάριος,
1606 1509 1630 1552 ὁ
1658 1510 1975 1566 ἀδελφιδοῦς
2003 1510 2214 1566 Μαρίου
2240 1518 2331 1555 τοῦ
2353 1526 2562 1570 περιφα-

512 1583 640 1626 νοῦς.
696 1579 832 1635 Quare
871 1578 967 1631 quid
1004 1580 1176 1617 moverit
1216 1577 1414 1616 Orellium
1447 1585 1487 1616 et
1518 1577 1750 1630 Baiterum,
1789 1576 2033 1617 Onomastici
2069 1577 2247 1619 Tulliani
2285 1589 2480 1635 auctores,
2518 1591 2563 1622 ut

508 1645 683 1685 Marium
714 1645 821 1684 hunc
854 1650 1008 1686 alterum
1043 1643 1116 1692 (cs.
1142 1641 1226 1683 cic.
1253 1641 1426 1694 Philipp.
1451 1642 1596 1694 XIII,
1631 1647 1675 1695 1,
1712 1643 1773 1693 1.)
1805 1646 1966 1683 senioris
1990 1644 2109 1684 Marii
2134 1644 2264 1685 filium
2296 1663 2342 1687 ex
2367 1653 2562 1702 adoptione

506 1712 618 1751 tuisse
639 1711 865 1761 statuerint,
900 1708 1085 1762 equidem
1110 1721 1192 1748 non
1217 1716 1383 1760 exputo;
1421 1707 1527 1761 apud
1564 1720 1630 1748 eos
1655 1715 1760 1748 certe
1791 1710 1866 1761 ipsi
1901 1722 1998 1760 quos
2022 1708 2138 1761 hujus
2161 1712 2376 1749 sententiae
2401 1710 2563 1750 laudant

505 1785 636 1828 testes,
660 1777 718 1814 nil
743 1775 822 1814 tale
847 1776 1059 1814 invenitur.
1085 1796 1135 1804 —
1175 1771 1297 1828 Quod
1322 1780 1456 1812 autem
1483 1773 1693 1827 Appianus
1718 1772 1969 1826 ἀδελφιδοῦν
2004 1787 2098 1814 eum
2124 1773 2243 1814 Marii
2276 1776 2353 1814 τοῦ
2379 1786 2564 1829 περιφα-

503 1844 599 1889 νοῦς
636 1849 771 1892 vocat,
815 1840 856 1879 id
898 1842 982 1879 sine
1022 1838 1142 1878 dubio
1178 1838 1400 1877 confusione
1444 1852 1537 1877 cum
1575 1839 1654 1877 alio
1691 1839 1761 1878 illo
1800 1839 1928 1878 Mario
1960 1840 2106 1879 factum
2142 1848 2199 1879 est
2215 1868 2228 1891 ,
2265 1841 2315 1879 de
2358 1853 2438 1892 quo
2470 1841 2558 1881 Liv.

507 1907 685 1960 Epitorn.
710 1903 962 1945 LXXVIII:
999 1903 1200 1949 «Marium
1232 1905 1414 1943 senatorii
1450 1903 1596 1944 ordinIs
1622 1905 1755 1944 virum
1791 1904 1965 1944 cruribus
2000 1904 2241 1957 brachiisque
2266 1905 2455 1956 fractum,
2487 1920 2562 1946 au-

508 1973 613 2012 ribus
650 1973 854 2025 praesectis
887 1978 926 2008 et
964 1969 1108 2009 effossis
1150 1968 1271 2008 oculis
1313 1971 1512 2022 necavit‚¹·
1550 1969 1599 2009 ad
1639 1982 1779 2021 quem,
1817 1982 1918 2021 quae
1951 1971 1995 2008 in
2032 1969 2173 2008 eodem
2219 1968 2475 2010 Onomastico
2514 1971 2562 2010 ad

509 2038 685 2079 Marium
720 2036 851 2077 filium
893 2035 1027 2075 referri
1059 2033 1263 2083 videntur,
1307 2033 1483 2075 Sallustii
1526 2035 1645 2076 verba
1679 2039 1720 2075 in
1762 2035 1917 2088 fragmt.
1958 2049 2005 2074 ex
2046 2035 2178 2075 histor.
2220 2035 2261 2075 I:
2311 2041 2381 2081 «C.
2414 2036 2564 2077 Marius

506 2106 646 2144 fractus
682 2106 790 2155 prius
824 2114 935 2140 crura
968 2114 1039 2153 per
1074 2109 1178 2140 artus
1217 2102 1453 2153 exspiravit»
1478 2103 1693 2153 pertinent,
1733 2109 1774 2140 et
1808 2113 1908 2154 quae
1940 2100 2044 2153 aqud
2070 2099 2205 2139 Valer.
2230 2099 2395 2140 Maxim.
2422 2100 2565 2152 legun-

508 2179 570 2208 tur
602 2169 669 2208 lib.
707 2167 798 2219 IX,
831 2180 864 2205 c.
901 2168 949 2217 2,
986 2168 1028 2204 1:
1066 2164 1201 2221 Quam
1238 2179 1357 2217 porro
1391 2166 1598 2205 crudeliter
1631 2179 1670 2205 se
1707 2168 1748 2204 in
1788 2166 1848 2205 Μ.
1888 2164 2017 2204 Mario
2055 2172 2234 2217 praetore
2268 2167 2398 2217 gessit!
2444 2178 2562 2217 quem

508 2248 578 2287 per
603 2247 670 2273 ora
697 2232 808 2286 vulgi
834 2229 885 2270 ad
909 2230 1134 2283 sepulcrum
1152 2229 1333 2271 Lutatiae
1358 2233 1483 2284 gentis
1504 2239 1756 2284 pertractum,
1779 2244 1861 2272 non
1887 2232 1995 2283 prius
2019 2232 2102 2271 vita
2120 2232 2306 2283 privavit,
2319 2244 2438 2284 quam
2464 2244 2562 2271 ocu-

632 2347 845 2391 eorrigeret.
899 2345 974 2379 Sed
1009 2346 1055 2379 ab
1091 2345 1186 2379 omni
1213 2344 1467 2380 abstinendum
1503 2356 1587 2380 esse
1615 2345 1826 2387 conjectura
1861 2346 1931 2378 loe.
1960 2344 2067 2378 docet
2093 2343 2130 2377 in
2157 2343 2233 2378 vita
2260 2344 2337 2379 Cic.
2366 2355 2397 2378 c.
2424 2344 2562 2388 XXIX,

631 2412 695 2445 uhi
720 2410 943 2454 explicatius
968 2410 1096 2444 eadem
1124 2412 1335 2443 narrantur:
1363 2404 1633 2451 Λεύκουλλος
1658 2402 1703 2444 δὲ
1729 2407 1799 2444 καὶ
1825 2402 2131 2456 θεραπαινίδας
2157 2408 2365 2457 παρεῖχεν,
2389 2403 2448 2450 ὥς
2472 2414 2565 2454 συγ..

630 2470 790 2519 γένοιτο
825 2471 884 2523 τῇ
920 2466 1149 2520 νεωτάτῃ
1178 2470 1259 2506 τῶν
1284 2465 1481 2522 ἀδελφῶν
1507 2467 1531 2508 ὁ
1559 2466 1778 2515 Κλώδιος,
1802 2464 1873 2508 ὅτε
1898 2465 2154 2517 Λευκούλλῳ
2181 2465 2365 2519 συνῴκει.
2421 2465 2563 2520 Πολλή

633 2528 716 2590 δ’ἤν
742 2531 850 2584 δόξα
876 2535 945 2573 καὶ
971 2538 1062 2581 ταῖς
1087 2529 1245 2579 οἴλλαις
1270 2531 1382 2571 δυσὶν
1407 2532 1613 2588 ἀδελφαῖς
1638 2531 1877 2586 πλησιάζειν
1903 2545 1937 2571 τ.
1964 2529 2175 2581 Κλώδιον,
2200 2526 2259 2572 ὦν
2292 2530 2466 2586 Τερτίαν
2490 2529 2564 2586 μὲν

637 2597 833 2652 Μάρκιος
854 2595 985 2653 Ῥήξ,
1010 2596 1214 2639 Κλωδίαν
1241 2594 1286 2637 δὲ
1316 2595 1534 2645 Μέτελλος
1560 2596 1584 2637 ὁ
1612 2595 1751 2650 Κέλερ
1778 2592 1897 2649 εἶχεν.
1951 2602 1995 2635 ln
2021 2602 2103 2636 loeo
2130 2601 2259 2646 igitur,
2284 2610 2390 2644 quem
2415 2601 2567 2634 tentavit

630 2668 904 2712 Schmiederus,
932 2677 1002 2702 non
1028 2668 1073 2702 de
1100 2668 1233 2704 Clodia
1259 2668 1516 2712 cogitandum3
1544 2669 1610 2702 sed
1640 2668 1685 2701 de
1700 2666 1820 2702 Clodii
1846 2675 1973 2701 sorore
2000 2669 2087 2701 natu
2114 2665 2272 2710 minima⁷
2299 2664 2405 2710 cujus
2434 2675 2564 2701 nomen

632 2733 874 2778 praetermisit
899 2734 994 2768 Plut.
1016 2760 1026 2775 ,
1053 2734 1118 2769 alii
1145 2744 1217 2769 non
1243 2739 1533 2769 commemorant.
