2895 3341
596 204 738 251 XXX

534 326 626 365 dato
651 334 849 380 evaserat,
880 337 1092 378 nimquam
1115 335 1260 363 nocere
1277 324 1502 362 sustinuit.»
1548 321 1845 376 Schmiederua,
1878 325 1998 366 allato
2024 325 2069 364 ¹h.
2094 323 2255 366 Sueten.
2283 327 2310 365 t.
2334 324 2461 365 addit:
2494 329 2594 371 «nisi

533 391 781 445 abznegotio
809 388 1076 430 abomixaando
1106 391 1293 445 Sphayita
1323 387 1448 428 dietus
1474 391 1601 428 erat.»
1652 387 1775 445 Quod
1806 390 2118 444 praetermittere
2147 393 2265 431 satius
2296 400 2390 432 erat.
2439 391 2593 444 Maiore

538 470 632 497 eum
663 457 790 495 fi-uctu
826 454 935 494 idem
968 453 1249 494 animadvertit
1281 452 1517 499 ..caesarem
1555 454 1721 493 totidem
1755 455 1910 495 talentis
1949 457 2074 496 vitam
2108 468 2132 493 a
2157 454 2345 496 Cornelio
2374 455 2594 510 redemisse,

539 529 636 575 quot
658 519 768 574 Sylla
792 520 1051 572 cuicumque,
1080 521 1155 572 ¹qui
1178 531 1305 559 unum
1331 532 1379 557 ex
1403 521 1624 571 proscriptis
1648 522 1925 572 interemisset,
1948 520 2137 560 daturum
2155 532 2243 560 ⁴sese
2263 519 2529 574 promiserit.“
2545 544 2594 551 —

537 585 606 626 Ad
631 586 803 626 formam
828 583 924 624 δυσί
951 584 1165 627 Plutarcho
1189 587 1304 625 unice
1329 585 1409 624 fere
1427 592 1608 624 amatam
1636 584 1748 635 (Cic.
1776 584 1919 637 XVII,
1941 583 2031 626 Cat.
2057 598 2113 625 m.
2139 585 2400 626 xxxvm.
2451 588 2595 641 Pomp.

531 651 639 690 Lm
676 659 752 690 etc.
777 650 881 701 etc.)
932 649 994 691 ΟΕ
1018 650 1173 690 Buttm.
1199 650 1243 704 1,
1279 664 1317 703 p.
1342 652 1440 701 2673
1466 650 1517 689 ad
1542 651 1675 690 aorist.
1725 651 1842 690 sonn-
1877 647 2041 707 ἀφείθη
2069 650 2245 691 eundem
2276 650 2322 703 1,
2356 664 2398 703 p.
2431 654 2519 693 521.
2545 676 2594 682 —-

533 716 621 758 ἐπὶ
649 715 943 763 &dianam
976 729 1087 756 mare
1111 716 1180 756 ubi
1204 718 1249 756 in
1272 719 1502 757 universum
1528 725 1654 756 terrae
1680 718 1912 768 opponitur,
1942 728 1984 755 v.
2013 713 2215 753 θάλαττα
2245 718 2335 770 jure
2365 724 2471 756 earet
2495 721 2592 758 arti-

537 783 643 822 culo.
693 780 754 822 CK
778 787 899 821 nostr.
933 779 1023 822 Cat.
1050 793 1107 821 m.
1134 780 1269 821 LXV.
1318 782 1388 821 καὶ
1415 778 1492 829 τάς
1516 776 1591 836 μὲν
1616 777 1755 829 ἄλλας
1780 780 1999 822 ἀπέκλεισε
2023 778 2182 835 θύρας,
2207 784 2287 833 μιᾷ
2312 778 2358 820 δὲ
2387 784 2439 832 τῇ
2465 781 2592 834 πρὸς

538 846 816 886 θάλασσαν
842 843 1028 897 φερούσῃ
1055 853 1149 897 etc„
1174 858 1296 898 quare
1321 845 1439 884 addas
1465 846 1505 883 id
1531 847 1578 884 iis
1602 846 1849 899 nominibus,
1875 858 1993 899 quae,
2018 844 2176 899 quando
2200 857 2283 886 non
2307 845 2357 886 de
2380 858 2464 886 uno
2489 859 2593 898 quo-

534 910 627 951 dam
653 923 699 949 ac
725 908 910 962 definito,
941 909 1009 949 sed
1034 909 1083 949 de
1108 924 1251 964 genere
1276 913 1319 950 in
1351 914 1582 950 universum
1607 911 1811 961 dicuntur,
1851 911 2014 949 articulo
2047 923 2179 949 carere
2203 909 2337 949 docuit
2370 909 2514 951 Stallb.
2543 912 2593 952 ad

532 976 690 1016 Platon.
714 974 867 1016 Criton.
887 987 930 1028 p.
957 976 1031 1028 51,
1070 975 1123 1015 A.
1191 975 1240 1016 cs.
1267 984 1469 1030 praeterea
1494 975 1664 1015 Kiihner
1696 975 1729 1026 ς.
1754 978 1834 1015 484
1860 976 2054 1023 (ἕπηται,
2092 976 2217 1016 Halm
2245 976 2493 1017 &lenit-nturi).
2529 979 2592 1017 bet·

535 1053 593 1093 gt.
619 1042 740 1091 &tyna
778 1045 815 1086 §.
839 1044 868 1080 4
894 1040 1067 1081 Qumttf.
1093 1060 1142 1068 -
1171 1040 1234 1082 'H
1256 1039 1455 1080 θάλαττα
1479 1062 1532 1071 —-
1565 1042 1639 1079 nisi
1675 1042 1877 1093 praecessit
1916 1042 2010 1079 certi
2044 1041 2246 1094 cujusdam
2280 1044 2397 1081 marIs
2430 1044 2594 1097 mentio,

539 1107 650 1149 idem
675 1113 751 1162 est,
774 1104 882 1162 quod
906 1104 1002 1148 alias
1026 1102 1114 1162 τήν
1144 1105 1254 1146 καθ’
1287 1104 1425 1162 ἡμᾶς
1450 1106 1585 1148 dicunt
1611 1106 1777 1158 Graeci,
1803 1127 1909 1149 mare
1931 1115 2139 1155 internum3
2166 1107 2229 1147 Cf.
2253 1107 2388 1146 Stallb.
2416 1110 2466 1147 ad
2491 1110 2593 1148 Plat-

539 1176 687 1212 Phaed.
713 1186 757 1225 p.
783 1176 882 1225 109,
918 1172 972 1211 B.
1027 1172 1134 1226 quod
1166 1172 1266 1211 infra
1297 1172 1467 1226 tenebis,
1503 1172 1573 1212 ubi
1600 1173 1750 1225 piratae
1778 1174 1862 1225 jam
1899 1179 1991 1213 tunc
2022 1171 2232 1214 obtinuisse
2264 1172 2463 1214 dicuntur:
2504 1170 2592 1229 τήν

537 1237 775 1279 θάλατταν.
826 1238 918 1277 Hoc
941 1246 1072 1277 totum
1097 1250 1164 1276 eos
1189 1241 1356 1277 tenuisse
1380 1241 1421 1275 in
1454 1246 1663 1288 potestate,
1694 1251 1871 1288 cognosc.
1908 1251 1955 1275 ex
1991 1238 2168 1290 Appian.
2199 1236 2397 1292 Ῥωμαικ.
2435 1236 2589 1291 ἑμφὺλ.

535 1317 573 1355 p.
599 1304 693 1341 2332
721 1321 771 1331 —
797 1300 848 1341 οὐ
872 1300 1000 1356 μόνης
1024 1296 1085 1343 ἔτι
1116 1302 1189 1355 τῆς
1226 1299 1341 1349 ἑῴας
1374 1299 1598 1352 ἐκράτουν,
1635 1299 1750 1340 ἀλλά
1792 1304 1880 1352 τῆς
1913 1297 2057 1349 ἔντος
2086 1300 2399 1356 Ἡρακλείων
2434 1301 2593 1354 στηλῶν

539 1365 723 1420 ἀπάσης.

659 1430 968 1481 ἐξέπλευσεν
997 1449 1051 1459 —
1087 1428 1147 1476 εἰς
1179 1429 1396 1468 Βιθυνίαν.
1462 1427 1669 1467 Pet-tinent
1702 1428 1779 1467 huc
1825 1441 1926 1481 quae
1961 1427 2082 1468 Bahr.
2122 1428 2327 1471 adnotavit
2362 1428 2412 1469 ad
2446 1429 2590 1484 Pyrrh.

537 1496 681 1547 xm,
711 1510 754 1548 p.
780 1498 857 1535 1⁷4
880 1493 1001 1544 (τότε
1028 1483 1137 1533 δὀὖν
1163 1491 1238 1538 εἰς
1261 1490 1463 1545 Ἠπειρον
1490 1491 1715 1532 ἐκπεσόντι
1740 1494 1802 1541 τῷ
1830 1491 2028 1544 Πύρρῳ),
2050 1506 2165 1545 saepe
2191 1494 2340 1545 verbis,
2373 1506 2474 1546 quae
2499 1507 2591 1533 mo-

538 1570 625 1600 tum
651 1573 701 1600 ex
725 1560 859 1612 aliquo
883 1559 971 1598 loco
992 1557 1170 1597 ¹indicent
1195 1556 1309 1607 adjici
1333 1557 1684 1607 praepositionem,
1722 1569 1822 1607 quae
1846 1564 2001 1596 motum
2026 1559 2068 1596 in
2093 1559 2267 1609 auquem
2298 1560 2432 1598 locum
2457 1562 2590 1611 expri-

536 1633 639 1675 mat,
664 1624 828 1662 laudans
853 1622 1098 1675 Wesseling.
1124 1620 1175 1659 ad
1201 1619 1366 1658 Diodor.
1390 1618 1509 1659 Sicul.
1540 1619 1606 1671 ΙΙ,
1633 1622 1697 1660 60.
1730 1628 1770 1660 et
1794 1619 1844 1661 O.
1873 1620 1923 1661 G.
1948 1621 2093 1661 Jacobs
2117 1622 2167 1661 ad
2191 1622 2356 1663 Luciani
2379 1623 2523 1662 Toxar.
2548 1637 2587 1675 p.

533 1693 599 1730 45.
626 1690 719 1730 eoll.
747 1699 790 1742 p.
818 1690 916 1741 133,
939 1687 1080 1741 quibus
1104 1692 1235 1727 noster
1260 1684 1367 1724 locus
1393 1684 1484 1724 addi
1510 1688 1666 1738 poterit.

657 1752 961 1807 Νικομήδην
989 1765 1026 1792 τ.
1052 1749 1288 1797 βασιλέα.
1341 1751 1389 1790 cf.
1417 1749 1573 1790 Sueton
1603 1751 1670 1790 1-1:
1697 1751 1843 1792 desedit
1868 1751 1973 1804 apud
1991 1750 2266 1792 Nicomedem.
2287 1771 2338 1781 —
2362 1751 2431 1792 Est
2454 1761 2586 1793 autem

534 1821 599 1860 hic
623 1818 860 1860 Nicomedes
886 1817 980 1871 ΙΙΙ,
1016 1817 1266 1871 Philopator,
1293 1824 1471 1857 mortuus
1496 1830 1532 1855 a.
1556 1828 1598 1867 p.
1621 1831 1664 1855 u.
1693 1831 1726 1856 c.
1752 1820 1828 1857 679
1855 1818 1979 1869 (74),
2002 1825 2210 1868 postquam
2236 1819 2432 1869 populum
2455 1832 2590 1858 roma-

530 1899 631 1924 num
645 1884 859 1924 haeredem
871 1884 1084 1935 scripserat.
1135 1881 1198 1921 Cf.
1210 1881 1299 1921 Liv.
1313 1880 1489 1933 Epitom.
1498 1880 1547 1920 L.
1560 1879 1730 1920 XCIII.
1784 1880 1848 1920 De
1864 1880 2037 1921 Caesaris
2049 1880 2252 1921 inhonesta
2266 1895 2357 1922 cum
2370 1881 2588 1924 Nicomede

534 1948 829 2001 eomuetudine,
853 1961 955 2001 quae
978 1960 1124 2000 «grave
1138 1960 1184 1986 ac
1199 1960 1371 1998 perenne
1396 1949 1432 1984 ei
1457 1948 1547 1985 tulit
1564 1946 1860 1997 opprobrium,²⁹
1885 1946 1998 1984 adeas
2010 1944 2170 1985 Sueton.
2189 1946 2351 1985 XLIX.
2368 1970 2418 1979 —
2443 1947 2589 1987 Schae-

533 2016 638 2054 ferus
670 2025 741 2052 cur
767 2010 1029 2067 Νικομήδην
1053 2012 1267 2064 scripserit,
1309 2012 1489 2063 quamvls
1522 2024 1545 2050 e
1570 2010 1775 2050 codicibus
1808 2018 1962 2063 praeter
1987 2010 2275 2050 Vulcobianam
2303 2010 2590 2065 Νικομήδους,

533 2093 634 2133 quae
657 2090 773 2118 sensu
798 2086 856 2117 est
868 2082 1002 2129 massa,
1030 2077 1089 2116 nil
1113 2079 1246 2117 variae
1271 2076 1446 2115 lectionis
1471 2083 1674 2117 enotatum
1700 2077 1770 2128 sit,
1796 2088 1935 2116 omnes
1950 2075 2173 2129 editiones,
2196 2075 2369 2128 Reiskii,
2393 2075 2588 2128 Huttenii‚

536 2146 725 2200 Bryant.,
740 2143 907 2195 corais,
933 2141 1181 2183 Schmiederi
1205 2143 1398 2182 retineant
1424 2139 1477 2182 N
1477 2141 1681 2196 ικομηδη,
1709 2145 1776 2182 vix
1802 2142 1965 2190 dixer133
1999 2151 2104 2182 certe
2129 2143 2214 2181 aliis
2239 2144 2282 2180 in
2306 2142 2399 2181 locis
2422 2142 2490 2181 ubi
2516 2156 2588 2181 co-

537 2212 639 2250 dices
663 2208 965 2262 suppeditabant
982 2208 1158 2247 'sormam
1183 2220 1306 2247 accus.
1321 2229 1373 2238 -
1398 2220 1472 2259 ην,
1495 2219 1586 2247 eam
1611 2219 1735 2258 usque
1759 2207 1859 2246 adeo
1883 2207 2066 2259 neglexit,
2090 2213 2135 2245 ut
2150 2219 2203 2246 ne
2223 2208 2467 2247 mentionem
2495 2209 2586 2260 qui-

533 2276 625 2316 dem
651 2278 733 2329 ejus
757 2272 979 2315 faciendam
1004 2274 1214 2326 putaverit,
1236 2273 1285 2312 cf.
1312 2272 1469 2324 Philop.
1488 2271 1596 2311 XVI
1621 2271 1690 2311 ubi
1714 2286 1785 2324 pro
1811 2286 1873 2324 eo,
1898 2272 2005 2324 quod
2024 2274 2073 2311 ‘in
2098 2280 2206 2311 textu
2229 2275 2359 2324 posuit
2384 2272 2585 2312 Schaefer.

478 2367 486 2372 -
535 2340 767 2394 Διοφάνη,
804 2339 963 2379 Monac.
995 2346 1036 2378 et
1069 2337 1194 2377 Palat.
1234 2335 1472 2391 Διοφάνην
1509 2336 1712 2390 exhibent,
1747 2337 1829 2377 vid.
1858 2336 1978 2377 Bahr.
2004 2336 2100 2378 ibid.
2127 2350 2168 2390 p.
2197 2338 2248 2378 58
2273 2346 2313 2378 et
2338 2338 2387 2377 ad
2414 2338 2587 2378 Flamin.

535 2406 637 2459 ΧΠ,
661 2420 701 2458 p.
728 2408 816 2445 111.
844 2426 895 2435 —-
920 2404 1127 2458 Equidem
1162 2404 1205 2442 in
1236 2403 1374 2442 talibus
1407 2403 1673 2442 numerandos
1709 2416 1790 2442 esse
1826 2411 1939 2442 testes
1971 2402 2183 2451 contendo3
2222 2403 2356 2442 ambas
2387 2404 2494 2442 enim
2521 2403 2589 2443 has

534 2484 659 2511 aecus.
687 2471 832 2510 formas
855 2469 994 2511 vocab.
1012 2470 1056 2508 in
1071 2482 1120 2522 ης
1142 2469 1443 2507 terminantium
1468 2467 1574 2520 apud
1597 2469 1750 2508 serioris
1775 2477 1878 2508 certe
1904 2470 1992 2508 aevi
2007 2471 2209 2521 scriptores
2232 2471 2454 2521 promiscue
2472 2480 2588 2508 usur-

654 2571 756 2604 certe
782 2578 857 2603 non
882 2571 991 2602 esset.
1042 2568 1107 2602 Me
1134 2567 1167 2601 si
1193 2566 1383 2610 sequeris,
1409 2566 1597 2601 levissima
1621 2567 1765 2602 scribes
1791 2567 2007 2602 mutatione:
2034 2569 2228 2618 languens,
2255 2568 2291 2600 et
2316 2568 2458 2600 vertes:
2491 2565 2586 2603 frunt

653 2633 721 2669 unb
746 2631 865 2668 tetbenb
892 2643 927 2666 v.
953 2629 1105 2678 fdymaffi3
1140 2629 1385 2667 redundantia
1410 2632 1567 2676 quadam
1594 2631 1792 2676 orationis.
1832 2642 1878 2667 ne
1911 2633 1959 2666 ab
1994 2631 2140 2675 optimis
2174 2630 2317 2673 quidem
2344 2629 2584 2674 scriptoribus

657 2697 790 2732 aliena.
