2921 3298
2257 204 2327 249 XI

471 324 625 366 Notum
650 332 784 365 autem
809 332 865 365 est
896 324 1077 365 extremis
1101 322 1268 377 reipubl.
1296 334 1399 363 rom.
1426 321 1689 376 temporibus,
1722 322 1890 364 divortia
1917 322 2022 363 haud
2047 335 2135 363 raro
2160 336 2183 363 a
2208 324 2389 365 mulieri-

352 391 422 430 bus
447 404 604 443 quoque
629 403 707 429 esse
734 391 841 429 facta.
878 391 926 429 cf.
944 389 1027 429 Cic.
1054 390 1104 429 ad
1129 390 1269 429 divers.
1288 388 1418 441 vm,
1440 392 1480 427 7.
1518 387 1775 434 «Cornificius
1799 390 2018 429 adolescens
2030 388 2239 429 Orestillae
2262 388 2387 429 filiam

352 456 423 495 sibi
448 454 665 508 despondit.
717 455 855 495 Paulla
881 455 1058 509 Valeria,
1081 467 1190 495 soror
1213 454 1356 493 Triarii
1381 460 1575 496 divortium
1599 460 1679 495 sine
1701 472 1834 502 causa,
1859 467 1937 507 quo
1962 454 2026 494 die
2051 456 2113 495 vir
2137 467 2160 493 a
2186 455 2390 507 provincia

354 528 542 560 venturus
566 528 667 573 erat,
698 526 794 576 fecit.
843 519 1025 573 Nuptura
1057 528 1113 560 est
1139 520 1306 558 Decimo
1333 518 1460 558 Bruto
1486 546 1537 559 ...
1564 523 1691 563 ,Multa
1724 521 1767 558 in
1800 519 1875 558 boc
1906 533 2047 572 genere
2080 520 2321 559 incredibilia
2347 527 2388 560 te

350 586 505 625 absente
529 586 762 625 acciderunt.
804 586 866 641 cs.
894 585 1042 624 Adami
1066 587 1203 635 antiqt.
1239 584 1361 623 Rom.
1383 585 1432 623 T.
1453 584 1507 622 11.
1537 599 1578 635 p.
1605 587 1682 623 283
1709 588 1776 635 qui
1801 593 1955 635 praeter
1979 585 2018 622 h.
2044 586 2071 621 1.
2099 587 2232 622 citavit
2245 585 2393 624 Senec.

356 648 407 690 de
432 648 557 690 benef.
584 649 660 704 111,
686 652 748 691 16.
799 650 987 693 Juvenal.
1011 648 1091 690 Sat.
1115 648 1194 701 Vl,
1217 650 1280 689 28.
1329 648 1501 689 Martial.
1529 648 1604 701 VI,
1628 652 1665 688 7.
1689 672 1740 678 —
1766 651 1819 689 ita
1845 657 1888 689 ut
1913 646 2044 688 Sullae
2068 651 2099 689 si
2125 648 2389 701 obtemperas-

354 723 424 766 set,
447 716 517 766 nil,
541 716 645 767 quod
672 715 831 767 quidem
853 716 1033 768 exemplo
1058 716 1237 752 caruisset
1256 716 1298 752 in
1318 726 1358 752 se
1377 715 1613 753 commisisse
1633 714 1831 753 videretur
1843 712 2045 762 Cornelia3
2075 711 2240 767 φόβους
2259 721 2391 755 autem

355 788 395 818 et
410 777 605 827 ἐλπίδας,
631 780 768 831 quibus
792 780 842 819 ad
869 779 1199 818 commovendam
1218 793 1304 817 eam
1325 778 1440 817 Sulla
1459 793 1546 817 usus
1572 793 1650 818 esse
1667 780 1842 829 traditur,
1868 793 1915 817 eo
1941 788 2078 830 putem
2100 781 2325 827 constitisse,
2349 787 2393 817 ut

357 843 581 896 obsequenti
606 845 739 884 dotem
764 858 787 883 a
802 843 966 883 Caesare
990 852 1216 882 exacturum
1236 856 1276 882 se
1291 844 1497 894 pollicitus,
1510 852 1804 895 repugnantem,
1817 844 1857 881 id
1884 843 1988 895 quod
2014 852 2146 894 postea
2172 844 2275 893 fecit,
2302 842 2395 881 dote

354 922 395 947 se
426 912 673 962 privaturum
708 910 909 948 minitatus
939 910 999 947 sit.
1025 931 1074 940 —
1101 907 1307 961 Ceterum,
1339 907 1444 960 quod
1469 908 1519 946 ad
1552 909 1703 948 dicendi
1736 912 1952 961 rationem,
1989 908 2139 947 notabis
2170 908 2395 961 formulam,

356 988 476 1025 quam
502 983 664 1025 vocant,
688 974 873 1012 effectum
898 986 969 1024 pro
994 973 1205 1025 efficiente,
1230 976 1283 1011 ita
1308 982 1376 1025 ut,
1403 986 1493 1011 cum
1520 973 1662 1011 addere
1688 974 1844 1012 deberet
1868 976 2050 1025 scriptor,
2076 985 2177 1025 quae
2202 981 2269 1011 aut
2294 991 2395 1028 spem

357 1039 498 1091 facere,
533 1047 601 1078 aut
625 1048 755 1079 melum
781 1040 939 1090 injicere
964 1046 1157 1090 poterant,
1192 1038 1532 1091 pollicitationibus
1558 1047 1674 1089 atque
1708 1040 1824 1077 minis
1858 1038 1906 1076 ad
1933 1038 2160 1077 Corneliam
2186 1051 2210 1076 a
2234 1037 2398 1076 Caesare

355 1102 650 1147 abalienandam
676 1101 834 1142 Sullam
860 1116 939 1142 esse
964 1116 1097 1155 usum,
1137 1101 1429 1157 προληπτικώς
1452 1103 1522 1143 hos
1548 1106 1649 1156 ipsos
1674 1104 1797 1142 animi
1821 1103 2001 1155 affectus,
2035 1102 2174 1155 quibus
2200 1115 2288 1142 eam
2314 1121 2397 1145 con-

357 1174 513 1209 m‘tandis
537 1171 580 1206 in
605 1181 715 1206 suam
741 1169 950 1219 perducere
977 1177 1135 1207 conatus
1161 1175 1243 1206 erat
1266 1170 1511 1217 sententiam,
1538 1168 1670 1207 dativo
1696 1169 1980 1207 instrumentali
1999 1172 2183 1220 posuerit,
2208 1182 2307 1219 quae
2334 1168 2398 1206 di-

357 1232 471 1271 cendi
496 1234 609 1283 ratio,
632 1232 700 1271 ubi
727 1232 775 1270 de
800 1234 924 1271 animi
948 1231 1150 1271 affecthus
1174 1230 1409 1271 concitandis
1421 1234 1549 1283 agitur
1574 1241 1614 1272 et
1638 1235 1679 1272 in
1706 1247 1815 1285 prosa
1835 1234 1952 1271 latina
1968 1233 2070 1271 haud
2098 1233 2397 1285 infrequens,—

358 1296 411 1335 cf.
436 1296 528 1336 Liv.
556 1296 691 1347 XXI,
723 1300 760 1335 3.
785 1319 834 1325 -
861 1311 953 1336 cum
979 1304 1220 1338 admiratione
1235 1305 1325 1334 tam
1350 1299 1527 1347 ancipitis
1556 1300 1769 1335 sententiae
1794 1300 1974 1335 omnium
2001 1298 2133 1335 oculos
2158 1300 2200 1335 in
2231 1311 2272 1335 se
2297 1310 2396 1335 con-

362 1362 545 1398 vertisset.
562 1382 610 1390 —
636 1360 728 1397 ibid.
745 1362 808 1398 39.
828 1362 1089 1412 junxissetque
1106 1380 1151 1385 —
1176 1368 1268 1399 metu
1280 1381 1330 1388 —
1347 1357 1480 1397 Gallos
1496 1358 1651 1397 adcolas
1667 1359 1777 1397 Padi.
1816 1358 1969 1399 Sallust.
1981 1359 2011 1398 J
2014 1373 2077 1412 ug.
2093 1373 2127 1399 c.
2143 1359 2395 1408 LXXXIX,

362 1429 397 1464 1.
427 1425 561 1464 consul
586 1425 729 1476 oppida
755 1436 848 1465 mem
883 1434 949 1463 aut
982 1427 1154 1476 praemia
1188 1423 1416 1462 ostentando
1442 1432 1617 1462 avertere
1644 1424 1692 1461 ab
1717 1424 1900 1462 hostibus.
1953 1424 2118 1474 LXVI,
2153 1427 2189 1462 1.
2224 1428 2402 1476 civitatis,

363 1503 463 1542 quae
490 1489 538 1528 ab
562 1501 602 1528 se
629 1489 864 1534 defecerant,
888 1494 1087 1542 formidine
1112 1496 1180 1526 aut
1205 1488 1379 1538 praemia
1404 1488 1635 1526 ostentando
1661 1487 1859 1538 affectare,
1884 1510 1934 1516 —
1960 1489 2143 1527 latissime
2169 1488 2273 1540 apud
2298 1491 2405 1540 ejus-

364 1554 455 1592 dem
482 1554 636 1605 linguae
661 1561 794 1604 poetas
817 1560 951 1603 patere
976 1551 1143 1590 videtur.
1198 1551 1244 1588 cf.
1270 1550 1390 1588 modo
1416 1551 1558 1602 virgil.
1589 1552 1693 1590 Aen.
1721 1552 1786 1603 11,
1812 1554 1907 1591 529:
1932 1552 2082 1597 «illum
2110 1552 2248 1592 ardens
2273 1558 2401 1606 infesto

361 1624 510 1660 vulnere
535 1618 629 1671 (pto
654 1617 760 1657 hasta
787 1617 928 1658 vulnus
954 1615 1189 1670 impactura)
1215 1615 1389 1669 Pyrrhus
1415 1618 1640 1668 insequitur.
1664 1639 1711 1644 —

481 1726 728 1780 ἐδήμευσε
754 1725 839 1778 τήν
866 1725 1049 1779 φερνήυ
1076 1725 1244 1778 αὐτῆς.
1299 1725 1366 1764 Ad
1392 1725 1487 1764 haec
1515 1725 1812 1765 Schmiederus:
1838 1727 1928 1771 «Ex
1953 1735 2086 1765 mente
2110 1726 2233 1777 Plut.,
2258 1729 2401 1778 inquit,

363 1802 400 1832 et
428 1792 610 1832 Suetonii
636 1791 730 1830 haec
754 1805 882 1843 poena
907 1792 1105 1829 arbitraria
1131 1791 1217 1829 suit.
1268 1790 1329 1829 Ex
1355 1790 1462 1829 Plut.
1497 1803 1593 1830 vero
1618 1793 1661 1830 in
1686 1805 1726 1830 v.
1758 1790 1895 1831 Sullae
1928 1805 1963 1830 c.
1991 1794 2053 1829 31.
2082 1792 2227 1830 mulcta
2254 1791 2402 1831 inflicta

365 1867 421 1896 est
452 1871 498 1894 ex
530 1857 615 1909 lege
641 1856 824 1895 Cornelia
858 1856 905 1893 de
933 1858 1234 1907 proscriptione,
1269 1869 1345 1906 qua
1378 1858 1682 1907 proscriptorum
1717 1857 1827 1895 liberi
1862 1866 1900 1895 et
1935 1865 2092 1908 nepotes
2124 1857 2235 1895 bonis
2270 1859 2403 1908 patriis

364 1921 658 1974 privabantur-‘³
710 1918 820 1975 Quid
844 1920 919 1959 hoc
946 1919 995 1959 ad
1021 1919 1247 1960 Corneliam
1272 1921 1407 1971 saciat,
1443 1924 1603 1972 ejusque
1635 1921 1734 1959 dotis
1759 1922 2061 1972 publicationem
2095 1922 2235 1959 addere
2261 1923 2404 1960 oblitus

365 1995 421 2025 est
447 1984 742 2032 Schmiederus3
782 1987 823 2023 in
866 1985 952 2023 loco
987 1999 1009 2023 e
1036 1984 1175 2037 Syllae
1201 1987 1282 2023 vita
1315 1985 1494 2036 laudato,
1526 1994 1682 2036 praeter
1712 1986 1850 2023 haecce
1883 1988 1989 2029 «τῶν
2024 1981 2100 2037 γάρ
2140 1997 2407 2041 προγεγραμ-

364 2048 496 2105 μένων
530 2047 711 2103 ἠτίμωσε
743 2049 812 2089 καὶ
849 2045 962 2099 υἱούς
997 2051 1065 2090 καὶ
1101 2046 1272 2097 υἱωνοὺς
1302 2050 1370 2089 καὶ
1398 2048 1451 2091 τά
1480 2048 1675 2105 χρήματα
1700 2048 1869 2090 πάντων
1900 2047 2096 2104 ἐδήμευσε
2121 2073 2167 2078 -
2195 2049 2300 2102 quod
2326 2049 2404 2090 huc

368 2115 469 2152 trahi
494 2117 635 2165 possit,
666 2114 723 2152 nil
747 2117 961 2160 invenitur;
1004 2114 1209 2150 Corneliae
1235 2123 1369 2152 autem
1393 2124 1504 2167 pater
1528 2117 1570 2152 in
1595 2117 1899 2167 proscriptorum
1926 2127 2099 2167 numero.
2118 2116 2182 2154 vix
2205 2114 2407 2155 habendus

367 2183 453 2231 erit,
480 2182 624 2230 quippe
651 2181 718 2230 qui
742 2186 832 2217 ante
860 2177 998 2217 Sullae
1022 2167 1191 2216 reditum
1217 2180 1259 2217 in
1284 2180 1422 2218 urbem
1450 2193 1472 2217 a
1499 2180 1687 2218 militibus
1712 2181 1932 2219 interfectus
1956 2183 2015 2219 sit.
2048 2203 2085 2206 —
2128 2178 2211 2218 Sed
2236 2180 2335 2218 alius
2359 2194 2407 2219 ex

369 2244 505 2283 eadem
534 2243 672 2282 Sullae
707 2245 787 2283 vita
824 2243 931 2282 locus
963 2243 1012 2281 ad
1044 2251 1219 2282 nostrum
1259 2244 1529 2295 explicandum
1563 2244 1736 2284 conferre
1770 2245 1918 2296 aquuid
1953 2244 2124 2292 videtur3
2163 2252 2219 2283 est
2254 2247 2285 2283 is
2319 2258 2406 2298 cap.

369 2307 585 2347 XXXIII:
611 2308 831 2360 ἐψηφίσθη
859 2307 893 2344 δ’
918 2306 1036 2356 αὐτῷ
1062 2306 1211 2355 (Sullae
1236 2310 1308 2356 sc.)
1336 2307 1501 2347 πάντων
1527 2306 1649 2347 ἄδεια
1675 2313 1755 2347 τῶν
1781 2308 2018 2359 γεγονότων,
2032 2307 2137 2361 πρὸς
2164 2306 2208 2347 δὲ
2240 2307 2289 2347 τὸ
2307 2308 2411 2361 μέλ·-

367 2373 438 2412 λον
466 2370 633 2420 ἐξουσία
661 2371 865 2424 θανάτου,
891 2370 916 2409 ὃ
925 2370 1147 2426 ημεύσεω
1160 2388 1199 2421 ς,
1224 2369 1488 2426 κληρουχιῶν,
1514 2377 1704 2421 κτίσεως,
1731 2371 1976 2426 πορθήσεως
2002 2382 2041 2412 et
2068 2386 2106 2426 q.
2134 2387 2165 2413 s.
2193 2388 2245 2426 r.,
2285 2376 2338 2413 ita
2362 2383 2407 2413 ut

374 2437 488 2477 Sulla
514 2451 561 2476 ex
585 2445 773 2489 potestate
798 2438 971 2489 legitime
997 2438 1045 2476 ad
1070 2451 1163 2477 eum
1190 2438 1315 2477 delata
1340 2440 1458 2488 egisse
1483 2439 1555 2477 hac
1580 2441 1622 2477 in
1648 2452 1691 2477 re
1716 2439 1907 2491 putandus
1930 2440 1991 2478 sit.

477 2547 631 2609 ,ιζίτία
658 2544 708 2586 δὲ
737 2545 967 2601 Καίσαρι
995 2550 1077 2603 τῆς
1103 2547 1439 2603 πρὸςΚίνναν
1466 2548 1761 2601 ἀπεχθείας
1788 2545 1809 2602 ἡ
1838 2548 1967 2601 πρὸς
1996 2547 2201 2604 Μάριον
2228 2549 2412 2589 οἰκειό-

373 2626 454 2662 της
480 2613 555 2664 1)v;
592 2618 741 2665 Amyot:
781 2611 836 2650 Et
869 2614 906 2650 la
934 2626 1044 2652 cause
1078 2627 1286 2668 pourquoy
1312 2613 1453 2653 Caesar
1488 2615 1638 2653 voulait
1664 2614 1743 2652 mal
1770 2615 1793 2651 a
1821 2612 1960 2665 Sylla,
1996 2619 2140 2655 Daeer:
2187 2614 2414 2667 L’inImitie,

372 2688 448 2727 que
481 2675 624 2716 Caesar
656 2679 760 2716 avait
793 2690 893 2728 pour
928 2677 1053 2731 Sylla.
1109 2684 1264 2733 huerpr.
1297 2697 1357 2733 ap.
1392 2683 1511 2719 Reisk.
1564 2677 1705 2717 Caussa
1739 2679 1967 2718 inimicitiae
2000 2681 2043 2718 in
2075 2676 2226 2732 Syllam
2257 2678 2413 2721 Caesari
