2905 3306
579 217 719 263 ΧΧΙΙ

520 338 627 389 quod
662 338 830 378 verbum
866 340 915 378 de
947 352 1010 390 re,
1048 351 1167 391 quam
1203 340 1288 390 quis
1311 351 1380 390 spe
1404 340 1618 391 praecepit,
1658 349 1763 380 certo
1786 354 1869 381 non
1894 342 2077 382 audacius
2107 343 2275 395 dictum,
2312 355 2431 396 quam
2456 344 2563 395 quod

515 412 574 443 est
611 406 654 443 in
690 404 797 443 Plut.
836 402 988 456 ταύτης
1034 400 1108 456 μὲν
1144 402 1380 443 ἐκπεσεῖν
1421 402 1552 443 αὐτὸν
1583 426 1629 433 -
1670 405 1979 458 παρεσκεύασε,
2018 408 2067 447 de
2104 422 2183 460 quo
2226 410 2339 449 infra.
2379 431 2428 440 -
2464 409 2560 448 Jam

520 469 617 508 haec
642 472 673 508 si
704 477 805 507 recte
837 477 927 508 sunt
953 468 1164 521 disputata,
1189 470 1379 521 elucebit,
1410 469 1665 509 Plutarchum
1690 470 1748 509 nil
1777 474 1915 511 erroris
1940 474 1982 511 in
2007 486 2047 512 se
2072 475 2328 523 commisisse,
2357 474 2423 513 sed
2448 487 2563 526 prae-

520 536 725 573 termisisse
749 541 929 584 tantum,
955 534 1061 584 quod
1087 535 1137 572 ad
1163 548 1270 585 rem,
1304 535 1352 572 de
1378 547 1454 585 qua
1482 547 1596 586 agere
1621 537 1657 573 ei
1683 537 1724 573 in
1749 538 1883 573 animo
1909 544 2012 589 erat,
2036 538 2135 577 nihil
2160 538 2276 590 plane
2301 539 2425 578 facere
2449 538 2563 579 vide-

521 606 643 646 retur3
681 597 752 646 (cf.
788 597 1000 637 Alexandr.
1034 612 1075 638 v.
1100 598 1132 637 Ι.
1169 595 1289 639 οὐδὲν
1314 596 1422 638 ἄλλο
1457 602 1714 652 προεροῦμεν
1743 600 1766 651 ἦ
1798 600 2152 653 παραιτησόμεθα
2187 598 2286 648 τούς
2311 602 2565 653 ἀναγιγνώσ-

519 675 668 709 κοντας
693 658 780 704 adv
806 659 869 717 μή
900 659 1090 716 πάντα,
1127 662 1249 717 μηδὲ
1289 663 1399 703 καθ’
1433 657 1653 704 ἕκαστον
1694 662 2094 718 ἐξειργασμένως
2129 679 2165 703 τι
2198 667 2280 703 τῶν
2304 667 2566 721 περιβοήτων

519 727 875 781 ἀπαγγέλλωμεν,
913 727 1006 766 ἀλλ’
1030 727 1393 781 ἐπιτέμνοντες
1419 724 1479 766 τά
1505 725 1748 775 πλεῖστα,
1787 727 1850 783 μή
1880 729 2243 781 συκοφαντεῖν)
2270 730 2417 782 patebit
2448 744 2566 782 porro

522 792 663 832 Dionis
688 801 803 844 atque
829 792 955 830 Taciti
984 793 1102 832 verba
1136 794 1253 845 plana
1287 801 1403 846 atque
1436 793 1646 845 simplicia,
1683 793 1909 846 artificiosa,
1945 807 2064 846 quam
2095 794 2273 835 Rualdus
2305 795 2567 837 adhibendam

521 861 694 910 putavit,
718 858 999 910 interpretandi
1024 862 1175 898 ratione
1200 860 1312 898 facile
1338 873 1447 911 posse
1472 872 1621 910 carere,
1648 859 1847 912 Vellejum
1874 872 1973 899 vero
1997 873 2047 899 eo
2072 874 2232 913 errasse,
2257 861 2376 913 quod,
2399 864 2467 914 qui
2490 870 2568 917 pm?-

519 934 603 965 valo
629 922 748 962 Marii
774 922 1003 976 Cinnaeque
1029 925 1188 963 consilio
1217 930 1417 965 destinatus
1442 924 1562 963 modo
1588 933 1684 963 esset
1709 923 1886 965 flaminio
1913 925 2042 977 Diali,
2084 939 2177 964 eum
2202 936 2363 967 creatum
2389 940 2469 967 ωδε
2494 927 2570 967 ssa·-

523 990 677 1028 minem
705 1002 728 1027 a
754 989 973 1029 duumviris
998 989 1073 1028 illis
1099 998 1357 1042 nuncuparet.
1405 1026 1408 1029 .

627 1084 701 1133 εἰς
727 1082 809 1122 τὸν
837 1083 993 1138 δῆμον
1019 1082 1290 1138 προῆλθεν.
1317 1084 1567 1138 LibriMscr.,
1582 1095 1742 1139 excepto
1761 1099 1842 1125 uno
1854 1085 2249 1126 Monacensiomnes:
2270 1084 2572 1140 προςῆλθεν,

527 1150 632 1202 quod
659 1165 752 1190 cum
777 1150 931 1190 Reiskii
956 1159 1074 1202 atque
1100 1150 1281 1189 Huttenii
1308 1151 1495 1189 editiones
1521 1154 1691 1190 retinent
1717 1153 1911 1203 (quorum
1941 1152 2009 1191 ille
2035 1152 2197 1205 quidem
2224 1153 2359 1192 notula
2384 1152 2571 1205 adscripta

522 1215 658 1255 Solani
679 1218 945 1267 conjecturam
967 1213 1182 1269 προῆλθεν
1207 1216 1418 1267 scribentis,
1442 1217 1594 1266 placere
1620 1217 1703 1267 sibi,
1728 1225 1795 1254 aut
1820 1230 1892 1267 pro
1920 1216 1977 1263 εἰς
2003 1232 2038 1255 τ.
2062 1216 2193 1270 δῆμον
2210 1217 2455 1256 scribendum
2482 1231 2574 1269 esse,

524 1280 583 1328 ὠς
598 1282 662 1320 vel
678 1278 784 1333 πρὸς
797 1292 831 1316 τ.
854 1278 889 1317 ὃ.
912 1278 1165 1330 significavit)
1194 1279 1329 1318 Corais
1354 1288 1473 1329 atque
1500 1279 1746 1326 Schaeserus,
1774 1280 1879 1330 quod
1905 1284 1947 1319 in
1972 1281 2158 1320 lemmate
2184 1284 2396 1335 posuimus,
2420 1284 2462 1321 in
2487 1289 2573 1321 tex·-

520 1355 607 1385 tum
633 1351 876 1397 receperunt.
902 1365 952 1371 —
985 1343 1041 1381 At
1069 1342 1245 1382 Sintenis
1270 1343 1319 1382 ad
1344 1342 1596 1382 Themistocl.
1623 1342 1697 1380 IV.
1725 1343 1816 1380 edit.
1843 1356 1882 1394 p.
1908 1346 1980 1393 26,
2007 1345 2067 1382 Vl
2081 1373 2093 1395 ,
2127 1359 2164 1396 p.
2190 1348 2254 1384 39.
2283 1347 2404 1385 Arist.
2432 1347 2576 1399 XXV,

519 1427 559 1464 p.
585 1412 638 1450 46
664 1424 757 1449 cum
784 1409 1057 1460 exemplorum
1082 1408 1187 1447 nube
1216 1408 1539 1446 demonstraverit
1565 1407 1630 1456 (id
1657 1407 1762 1458 quod
1789 1407 1836 1445 de
1862 1408 2031 1446 formula
2064 1406 2271 1461 προςιέναι
2298 1408 2355 1456 εἰς
2381 1422 2416 1448 τ.
2442 1409 2573 1465 δῆμον

520 1479 742 1530 praeiverat
765 1477 848 1528 jam
874 1475 1083 1526 Haitinger
1108 1476 1151 1512 in
1176 1481 1308 1512 annot.
1335 1473 1382 1511 ad
1411 1473 1541 1512 Alcib.
1569 1472 1624 1523 V,
1650 1472 1740 1511 Act.
1768 1472 1927 1512 Monac.
1955 1473 2175 1525 Tom.111,
2200 1474 2288 1514 fasc.
2318 1474 2376 1513 11.
2404 1488 2443 1527 p.
2461 1477 2574 1525 170.)

523 1544 645 1596 probe
680 1555 760 1580 esse
794 1541 943 1578 dictum
968 1536 1236 1591 προςελθεῖν,
1272 1536 1577 1591 προςὲρχεσθαι
1605 1535 1662 1582 εἰς
1688 1549 1723 1576 τ.
1753 1536 1908 1590 δῆμον,
1933 1536 1991 1585 εἰς
2015 1535 2063 1576 τὸ
2091 1536 2231 1591 μέσον,
2257 1538 2314 1586 εἰς
2340 1554 2374 1578 τ.
2402 1537 2574 1593 α’γοράν,

522 1616 656 1648 nostro
683 1620 841 1658 quoque
866 1604 954 1643 loco
979 1603 1158 1642 codicum
1186 1612 1339 1641 tantum
1366 1616 1447 1640 non
1474 1605 1655 1641 omnium
1681 1604 1795 1641 lect10
1822 1606 1894 1642 erit
1919 1604 2133 1642 retinenda.
2169 1603 2288 1658 Quod
2309 1618 2404 1644 vero
2423 1605 2572 1645 Sinten.

521 1670 736 1726 adPyrrhi
762 1670 896 1709 locum
922 1682 956 1708 c.
987 1668 1123 1706 X111:
1152 1664 1229 1714 Εἷς
1256 1665 1300 1707 δέ
1330 1679 1389 1713 τις
1421 1665 1525 1723 ανὴρ
1554 1664 1752 1721 ἑπιεικής,
1786 1664 1940 1709 ]ΙῙε’των
1968 1663 2102 1722 ὄνομα
2131 1670 2203 1723 τῆς
2224 1666 2383 1722 ἡμέρας
2411 1669 2574 1723 ἐκείννς,

515 1740 560 1779 s’v
580 1739 604 1791 ᾗ
634 1735 682 1775 τὸ
711 1735 850 1786 δόγμα
871 1736 1020 1785 κυροῦν
1048 1731 1154 1786 ἠμε)
1158 1731 1241 1777 λοι,
1270 1733 1464 1785 ἐνστάσης
1489 1734 1558 1770 καὶ
1586 1733 1661 1768 τοῦ
1687 1731 1824 1784 δήμου
1850 1731 2198 1785 καθεζομένου-
2216 1730 2322 1784 πρὸς
2338 1730 2410 1785 τήν
2432 1731 2574 1786 ἐκκλῖ-

522 1806 614 1842 σίαν
642 1797 867 1855 εκώμαζεν.
911 1794 996 1838 Oaa
1020 1796 1096 1837 δ’ὲν
1126 1793 1244 1848 ὄχλῳ
1276 1796 1557 1850 δημοκρατίας
1578 1794 1733 1838 κόσμον
1763 1795 1837 1833 οὐκ
1863 1794 2016 1849 ἑχούσι]
2021 1811 2059 1842 ς,
2085 1795 2134 1835 οὐ
2157 1794 2232 1848 μὲν
2253 1805 2325 1835 etc.
2346 1819 2396 1825 -—
2422 1796 2575 1836 ἐκωλιε

522 1865 709 1912 ὁόύόεὶς,
735 1862 850 1904 ἀλλὰ
876 1864 945 1902 καὶ
973 1859 1020 1900 τὸ
1045 1860 1212 1911 γύναιον
1239 1858 1377 1900 αὐλεῖν
1403 1861 1590 1911 κρίκεῖνον
1617 1856 1732 1911 ᾀόειν
1758 1857 1945 1900 εκέλευον
1980 1860 2037 1910 εἰς
2062 1858 2188 1906 μέσον
2212 1859 2573 1914 προελθόντα,

526 1932 745 1971 Baehrium
770 1930 826 1968 ibi
854 1929 1033 1966 codicum
1060 1929 1288 1966 lectionem:
1316 1925 1615 1978 προελθεῖν,
1642 1926 1749 1964 malo
1776 1926 1935 1964 consilio
1960 1926 2169 1978 neglexisse
2196 1926 2425 1978 probaturus
2450 1926 2576 1966 adno-

523 1999 643 2037 tavitt
669 2002 852 2052 prodiisse
878 1994 1080 2033 hominem
1107 2002 1146 2031 et
1172 2006 1257 2032 rem
1286 1994 1408 2044 ipsam
1439 1991 1598 2042 docere,
1623 2000 1662 2030 et
1690 1991 1838 2029 dictum
1865 1991 1905 2029 id
1931 2004 2010 2030 esse
2037 1992 2185 2043 verbis,
2210 2005 2308 2043 quae
2334 1992 2578 2043 praecedant,

524 2060 630 2114 πρὸς
665 2073 700 2097 τ.
731 2058 947 2112 ἐκκλησίαν
981 2056 1190 2111 ἐκώμαζεν
1224 2077 1273 2085 -
1314 2069 1420 2095 nunc
1457 2055 1628 2094 eundem
1659 2056 1787 2106 juberi
1814 2061 2011 2104 accedere,
2038 2057 2080 2094 in
2114 2069 2162 2094 eo
2195 2056 2335 2095 falsum
2369 2070 2448 2096 esse
2480 2064 2577 2108 puto

524 2129 658 2167 virum
685 2126 964 2165 doctissimum.
1002 2121 1039 2163 Π
1048 2120 1262 2175 ροελθεῖ
1271 2135 1290 2159 ν
1318 2123 1427 2160 enim
1455 2120 1620 2160 verbum
1648 2135 1738 2160 cum
1764 2134 1845 2160 non
1870 2121 1999 2160 solum
2026 2121 2074 2159 de
2099 2123 2144 2160 iis
2171 2121 2338 2172 dicatur,
2364 2125 2432 2172 qui
2457 2122 2578 2160 domo

524 2193 657 2231 relicta
683 2193 726 2229 in
752 2190 956 2242 publicum
984 2189 1155 2240 aliquem
1182 2188 1314 2225 locum
1339 2199 1380 2224 se
1406 2186 1630 2237 conferunt,
1660 2185 1726 2224 sed
1753 2185 1801 2224 de
1827 2187 1871 2224 iis
1897 2197 2077 2237 quoque,
2119 2187 2187 2237 qui
2212 2188 2255 2224 in
2280 2185 2389 2237 soro,
2414 2187 2455 2225 in
2481 2199 2578 2225 con-

527 2259 637 2297 cione
663 2257 799 2295 locum
828 2253 1026 2307 quendam
1054 2253 1201 2292 editum
1228 2266 1343 2303 super
1383 2261 1553 2301 ceteros,
1586 2251 1691 2289 unde
1723 2251 1772 2289 ab
1804 2252 1987 2289 omnibus
2012 2259 2052 2289 et
2078 2254 2246 2302 conspici
2272 2260 2311 2290 et
2335 2252 2460 2290 audiri
2485 2265 2578 2303 pos-

525 2324 615 2373 sint,
638 2320 917 2365 conscendunt,
945 2321 1124 2371 quamvis
1149 2317 1296 2357 codices
1322 2330 1403 2357 non
1429 2317 1622 2369 addicant,
1646 2317 1890 2356 retinendam
1909 2317 1963 2355 ibi
1989 2330 2091 2367 eam,
2116 2330 2235 2369 quam
2252 2316 2442 2356 Baehrius
2467 2331 2578 2356 rece-

526 2390 604 2440 pit,
642 2388 853 2426 lectionem
891 2384 1162 2424 contenderim
1189 2385 1386 2435 (praepos.
1412 2379 1496 2436 πρὸ
1525 2391 1563 2421 et
1589 2379 1695 2434 πρὸς
1721 2384 1935 2425 innumeris
1960 2382 2052 2421 locis
2077 2384 2119 2420 in
2145 2384 2367 2434 compositis
2394 2382 2578 2421 confundi

526 2454 683 2492 monuit
708 2451 827 2490 Held.
853 2450 1001 2489 Timol.
1027 2448 1136 2487 XXI
1165 2462 1205 2500 p.
1234 2449 1346 2495 431).
1397 2447 1504 2486 Nam
1532 2453 1722 2488 accessisse
1746 2447 1951 2486 hominem
1984 2447 2035 2486 ad
2060 2449 2313 2500 concionem,
2351 2447 2392 2486 id
2419 2446 2578 2500 quidem

526 2518 672 2558 verbis:
700 2513 807 2569 πρὸς
832 2530 867 2555 τ.
890 2513 1107 2568 ἐκκλησίαν
1134 2511 1358 2565 ἐκώμαζεν,
1383 2514 1604 2552 luculenter
1630 2512 1928 2563 demonstratur,
1952 2526 2058 2551 nunc
2083 2513 2188 2556 idem
2212 2526 2293 2551 non
2314 2520 2358 2550 ut
2371 2512 2579 2565 accederet,

527 2583 633 2636 quod
655 2585 740 2636 jam
766 2581 944 2633 faciebat,
967 2579 1034 2620 sed
1060 2588 1104 2619 ut
1129 2582 1171 2619 in
1198 2578 1373 2618 medium
1400 2579 1595 2631 prodiret,
1621 2578 1790 2617 tribunal
1817 2586 2023 2630 occuparet
2048 2586 2119 2617 etc.
2160 2577 2465 2617 Tarentinorum
2491 2579 2579 2630 ple-

525 2650 663 2688 becula
688 2648 900 2701 postulasse
926 2647 1107 2697 videtur,
1149 2645 1199 2683 ad
1225 2644 1331 2696 quod
1356 2645 1600 2684 innuendum
1628 2642 1862 2695 προελθεῖν,
1897 2657 1948 2682 ne
1975 2643 2102 2682 dicam
2128 2644 2406 2693 necessarium,
2429 2643 2579 2695 signifi-

528 2716 676 2753 cantius
702 2721 806 2752 certe
833 2721 901 2751 est.

2144 2790 2164 2821 Ι
