<?xml version="1.0" encoding="UTF-8"?>
<!DOCTYPE html PUBLIC "-//W3C//DTD XHTML 1.0 Transitional//EN"
    "http://www.w3.org/TR/xhtml1/DTD/xhtml1-transitional.dtd">
<html xmlns="http://www.w3.org/1999/xhtml" xml:lang="en" lang="en">
 <head>
  <title>
</title>
<meta http-equiv="Content-Type" content="text/html;charset=utf-8" />
  <meta name='ocr-system' content='tesseract 3.04.00' />
  <meta name='ocr-capabilities' content='ocr_page ocr_carea ocr_par ocr_line ocrx_word'/>
</head>
<body>
  <div class='ocr_page' id='page_1' title='image "./4769612_0022.png"; bbox 0 0 2948 3315; ppageno 0'>
   <div class='ocr_carea' id='block_1_1' title="bbox 0 2157 43 3315">
    <p class='ocr_par' dir='ltr' id='par_1_1' title="bbox 0 2157 43 3315">
     <span class='ocr_line' id='line_1_1' title="bbox 0 2157 43 3315; baseline 0 0"><span class='ocrx_word' id='word_1_1' title='bbox 0 2157 43 3315; x_wconf 95' lang='lat' dir='ltr'> </span> 
     </span>
    </p>
   </div>
   <div class='ocr_carea' id='block_1_2' title="bbox 589 216 708 263">
    <p class='ocr_par' dir='ltr' id='par_1_2' title="bbox 589 216 708 263">
     <span class='ocr_line' id='line_1_2' title="bbox 589 216 708 263; baseline -0.008 0"><span class='ocrx_word' id='word_1_2' title='bbox 589 216 708 263; x_wconf 85' lang='lat' dir='ltr'>XVI</span> 
     </span>
    </p>
   </div>
   <div class='ocr_carea' id='block_1_3' title="bbox 473 333 2588 1681">
    <p class='ocr_par' dir='ltr' id='par_1_3' title="bbox 473 333 2588 1681">
     <span class='ocr_line' id='line_1_3' title="bbox 529 333 2578 392; baseline 0 -16"><span class='ocrx_word' id='word_1_3' title='bbox 529 337 682 377; x_wconf 84' lang='lat' dir='ltr'>nificat:</span> <span class='ocrx_word' id='word_1_4' title='bbox 723 350 802 377; x_wconf 90' lang='lat' dir='ltr'>esse</span> <span class='ocrx_word' id='word_1_5' title='bbox 827 337 898 377; x_wconf 90' lang='lat' dir='ltr'>sub</span> <span class='ocrx_word' id='word_1_6' title='bbox 935 338 1088 389; x_wconf 88' lang='lat' dir='ltr'>aliquo,</span> <span class='ocrx_word' id='word_1_7' title='bbox 1120 335 1236 374; x_wconf 89' lang='lat' dir='ltr'>alicui</span> <span class='ocrx_word' id='word_1_8' title='bbox 1268 345 1348 374; x_wconf 85' lang='lat' dir='ltr'>esse</span> <span class='ocrx_word' id='word_1_9' title='bbox 1375 333 1615 388; x_wconf 77' lang='lat' dir='ltr'>subJectum,</span> <span class='ocrx_word' id='word_1_10' title='bbox 1650 336 1693 376; x_wconf 91' lang='lat' dir='ltr'>in</span> <span class='ocrx_word' id='word_1_11' title='bbox 1725 336 1812 377; x_wconf 88' lang='lat' dir='ltr'>alic.</span> <span class='ocrx_word' id='word_1_12' title='bbox 1837 351 1916 379; x_wconf 70' lang='lat' dir='ltr'>esse</span> <span class='ocrx_word' id='word_1_13' title='bbox 1941 346 2129 391; x_wconf 77' lang='lat' dir='ltr'><strong>potestate</strong></span> <span class='ocrx_word' id='word_1_14' title='bbox 2153 353 2199 379; x_wconf 89' lang='lat' dir='ltr'>ac</span> <span class='ocrx_word' id='word_1_15' title='bbox 2224 339 2384 391; x_wconf 88' lang='lat' dir='ltr'>ditione,</span> <span class='ocrx_word' id='word_1_16' title='bbox 2406 338 2578 392; x_wconf 88' lang='lat' dir='ltr'>pendere</span> 
     </span>
     <span class='ocr_line' id='line_1_4' title="bbox 528 400 2578 457; baseline -0 -13"><span class='ocrx_word' id='word_1_17' title='bbox 528 405 591 444; x_wconf 90' lang='lat' dir='ltr'>ab.</span> <span class='ocrx_word' id='word_1_18' title='bbox 618 405 723 456; x_wconf 85' lang='lat' dir='ltr'>aliq.,</span> <span class='ocrx_word' id='word_1_19' title='bbox 748 405 973 442; x_wconf 86' lang='lat' dir='ltr'>auctoritate</span> <span class='ocrx_word' id='word_1_20' title='bbox 999 403 1084 439; x_wconf 82' lang='lat' dir='ltr'>alle.</span> <span class='ocrx_word' id='word_1_21' title='bbox 1110 403 1192 453; x_wconf 88' lang='lat' dir='ltr'>regi</span> <span class='ocrx_word' id='word_1_22' title='bbox 1217 414 1262 439; x_wconf 91' lang='lat' dir='ltr'>ac</span> <span class='ocrx_word' id='word_1_23' title='bbox 1287 401 1503 440; x_wconf 87' lang='lat' dir='ltr'>voluntate.</span> <span class='ocrx_word' id='word_1_24' title='bbox 1553 400 1643 438; x_wconf 86' lang='lat' dir='ltr'>Tali</span> <span class='ocrx_word' id='word_1_25' title='bbox 1669 414 1766 440; x_wconf 89' lang='lat' dir='ltr'>vero</span> <span class='ocrx_word' id='word_1_26' title='bbox 1793 404 1862 454; x_wconf 90' lang='lat' dir='ltr'>qui</span> <span class='ocrx_word' id='word_1_27' title='bbox 1886 405 2010 443; x_wconf 90' lang='lat' dir='ltr'>utitur</span> <span class='ocrx_word' id='word_1_28' title='bbox 2034 406 2141 445; x_wconf 83' lang='lat' dir='ltr'>vitae</span> <span class='ocrx_word' id='word_1_29' title='bbox 2168 404 2412 457; x_wconf 79' lang='lat' dir='ltr'>conditIOne,</span> <span class='ocrx_word' id='word_1_30' title='bbox 2442 406 2473 445; x_wconf 89' lang='lat' dir='ltr'>is</span> <span class='ocrx_word' id='word_1_31' title='bbox 2497 404 2578 443; x_wconf 80' lang='lat' dir='ltr'>fere</span> 
     </span>
     <span class='ocr_line' id='line_1_5' title="bbox 531 465 2576 522; baseline -0.001 -12"><span class='ocrx_word' id='word_1_32' title='bbox 531 470 637 522; x_wconf 88' lang='lat' dir='ltr'>leges</span> <span class='ocrx_word' id='word_1_33' title='bbox 661 480 894 518; x_wconf 89' lang='lat' dir='ltr'>normasque</span> <span class='ocrx_word' id='word_1_34' title='bbox 926 465 1068 518; x_wconf 87' lang='lat' dir='ltr'>agendi</span> <span class='ocrx_word' id='word_1_35' title='bbox 1103 466 1151 504; x_wconf 84' lang='lat' dir='ltr'>ab</span> <span class='ocrx_word' id='word_1_36' title='bbox 1186 480 1233 504; x_wconf 90' lang='lat' dir='ltr'>eo</span> <span class='ocrx_word' id='word_1_37' title='bbox 1267 468 1443 517; x_wconf 86' lang='lat' dir='ltr'>accipere</span> <span class='ocrx_word' id='word_1_38' title='bbox 1467 465 1588 514; x_wconf 86' lang='lat' dir='ltr'>solet,</span> <span class='ocrx_word' id='word_1_39' title='bbox 1625 478 1744 515; x_wconf 90' lang='lat' dir='ltr'>quem</span> <span class='ocrx_word' id='word_1_40' title='bbox 1780 466 1898 503; x_wconf 87' lang='lat' dir='ltr'>habet</span> <span class='ocrx_word' id='word_1_41' title='bbox 1923 468 2131 507; x_wconf 78' lang='lat' dir='ltr'>domInum</span> <span class='ocrx_word' id='word_1_42' title='bbox 2157 470 2263 507; x_wconf 88' lang='lat' dir='ltr'>vitae</span> <span class='ocrx_word' id='word_1_43' title='bbox 2288 468 2576 521; x_wconf 53' lang='lat' dir='ltr'>arbitr-umqum</span> 
     </span>
     <span class='ocr_line' id='line_1_6' title="bbox 532 529 2578 587; baseline 0 -16"><span class='ocrx_word' id='word_1_44' title='bbox 532 536 602 587; x_wconf 84' lang='lat' dir='ltr'>qui</span> <span class='ocrx_word' id='word_1_45' title='bbox 628 546 718 572; x_wconf 88' lang='lat' dir='ltr'>cum</span> <span class='ocrx_word' id='word_1_46' title='bbox 751 539 820 570; x_wconf 87' lang='lat' dir='ltr'>aut</span> <span class='ocrx_word' id='word_1_47' title='bbox 846 531 982 584; x_wconf 84' lang='lat' dir='ltr'>jubeat</span> <span class='ocrx_word' id='word_1_48' title='bbox 1014 530 1164 583; x_wconf 82' lang='lat' dir='ltr'>aliquid</span> <span class='ocrx_word' id='word_1_49' title='bbox 1198 529 1285 570; x_wconf 90' lang='lat' dir='ltr'>fieri</span> <span class='ocrx_word' id='word_1_50' title='bbox 1309 537 1376 569; x_wconf 90' lang='lat' dir='ltr'>aut</span> <span class='ocrx_word' id='word_1_51' title='bbox 1401 536 1532 580; x_wconf 86' lang='lat' dir='ltr'>vetet,</span> <span class='ocrx_word' id='word_1_52' title='bbox 1562 529 1647 580; x_wconf 89' lang='lat' dir='ltr'>jam</span> <span class='ocrx_word' id='word_1_53' title='bbox 1672 536 1803 580; x_wconf 88' lang='lat' dir='ltr'>patet,</span> <span class='ocrx_word' id='word_1_54' title='bbox 1834 532 1902 581; x_wconf 91' lang='lat' dir='ltr'>qui</span> <span class='ocrx_word' id='word_1_55' title='bbox 1937 529 2026 583; x_wconf 86' lang='lat' dir='ltr'>fiat,</span> <span class='ocrx_word' id='word_1_56' title='bbox 2059 540 2104 571; x_wconf 87' lang='lat' dir='ltr'>ut</span> <span class='ocrx_word' id='word_1_57' title='bbox 2136 532 2235 571; x_wconf 91' lang='lat' dir='ltr'>illud</span> <span class='ocrx_word' id='word_1_58' title='bbox 2260 531 2346 573; x_wconf 86' lang='grc' dir='ltr'>ὑπό</span> <span class='ocrx_word' id='word_1_59' title='bbox 2374 544 2481 578; x_wconf 86' lang='grc' dir='ltr'><em>τινος</em></span> <span class='ocrx_word' id='word_1_60' title='bbox 2505 545 2578 583; x_wconf 91' lang='lat' dir='ltr'>pro</span> 
     </span>
     <span class='ocr_line' id='line_1_7' title="bbox 533 593 2582 650; baseline 0 -13"><span class='ocrx_word' id='word_1_61' title='bbox 533 600 683 637; x_wconf 84' lang='lat' dir='ltr'>diversa</span> <span class='ocrx_word' id='word_1_62' title='bbox 710 597 954 634; x_wconf 85' lang='lat' dir='ltr'>diversarum</span> <span class='ocrx_word' id='word_1_63' title='bbox 979 597 1022 632; x_wconf 84' lang='lat' dir='ltr'>in</span> <span class='ocrx_word' id='word_1_64' title='bbox 1054 595 1193 647; x_wconf 85' lang='lat' dir='ltr'>quibus</span> <span class='ocrx_word' id='word_1_65' title='bbox 1228 595 1360 632; x_wconf 89' lang='lat' dir='ltr'>locum</span> <span class='ocrx_word' id='word_1_66' title='bbox 1396 593 1566 644; x_wconf 90' lang='lat' dir='ltr'>obtinet,</span> <span class='ocrx_word' id='word_1_67' title='bbox 1594 595 1876 633; x_wconf 86' lang='lat' dir='ltr'>sententiarum</span> <span class='ocrx_word' id='word_1_68' title='bbox 1909 600 2048 634; x_wconf 90' lang='lat' dir='ltr'>natura</span> <span class='ocrx_word' id='word_1_69' title='bbox 2072 603 2190 649; x_wconf 90' lang='lat' dir='ltr'>atque</span> <span class='ocrx_word' id='word_1_70' title='bbox 2220 604 2432 650; x_wconf 88' lang='lat' dir='ltr'>structura,</span> <span class='ocrx_word' id='word_1_71' title='bbox 2462 597 2582 638; x_wconf 88' lang='lat' dir='ltr'>modo</span> 
     </span>
     <span class='ocr_line' id='line_1_8' title="bbox 532 659 2582 715; baseline 0 -12"><span class='ocrx_word' id='word_1_72' title='bbox 532 663 640 704; x_wconf 85' lang='lat' dir='ltr'>idem</span> <span class='ocrx_word' id='word_1_73' title='bbox 666 661 868 713; x_wconf 87' lang='lat' dir='ltr'>significet,</span> <span class='ocrx_word' id='word_1_74' title='bbox 897 660 1003 711; x_wconf 92' lang='lat' dir='ltr'>quod</span> <span class='ocrx_word' id='word_1_75' title='bbox 1027 660 1159 698; x_wconf 87' lang='lat' dir='ltr'>Latini</span> <span class='ocrx_word' id='word_1_76' title='bbox 1184 660 1412 709; x_wconf 90' lang='lat' dir='ltr'>participiis:</span> <span class='ocrx_word' id='word_1_77' title='bbox 1438 666 1679 708; x_wconf 84' lang='lat' dir='ltr'>commotus,</span> <span class='ocrx_word' id='word_1_78' title='bbox 1704 659 1902 710; x_wconf 88' lang='lat' dir='ltr'>adductus,</span> <span class='ocrx_word' id='word_1_79' title='bbox 1926 667 1998 696; x_wconf 85' lang='lat' dir='ltr'>etc.</span> <span class='ocrx_word' id='word_1_80' title='bbox 2024 660 2155 711; x_wconf 87' lang='lat' dir='ltr'>aliqua</span> <span class='ocrx_word' id='word_1_81' title='bbox 2180 674 2223 700; x_wconf 91' lang='lat' dir='ltr'>re</span> <span class='ocrx_word' id='word_1_82' title='bbox 2248 673 2288 701; x_wconf 87' lang='lat' dir='ltr'>v.</span> <span class='ocrx_word' id='word_1_83' title='bbox 2312 673 2384 713; x_wconf 91' lang='lat' dir='ltr'>per</span> <span class='ocrx_word' id='word_1_84' title='bbox 2408 662 2582 715; x_wconf 77' lang='lat' dir='ltr'>aliquem</span> 
     </span>
     <span class='ocr_line' id='line_1_9' title="bbox 534 721 2583 779; baseline 0.001 -14"><span class='ocrx_word' id='word_1_85' title='bbox 534 727 786 779; x_wconf 86' lang='lat' dir='ltr'>exprimunt,</span> <span class='ocrx_word' id='word_1_86' title='bbox 822 723 943 764; x_wconf 90' lang='lat' dir='ltr'>modo</span> <span class='ocrx_word' id='word_1_87' title='bbox 966 722 1111 762; x_wconf 88' lang='lat' dir='ltr'><strong>indicet</strong></span> <span class='ocrx_word' id='word_1_88' title='bbox 1137 724 1334 763; x_wconf 89' lang='lat' dir='ltr'>enunciati</span> <span class='ocrx_word' id='word_1_89' title='bbox 1366 721 1583 773; x_wconf 87' lang='lat' dir='ltr'>subjectum</span> <span class='ocrx_word' id='word_1_90' title='bbox 1607 736 1659 761; x_wconf 91' lang='lat' dir='ltr'>ne</span> <span class='ocrx_word' id='word_1_91' title='bbox 1698 723 1792 775; x_wconf 90' lang='lat' dir='ltr'>quid</span> <span class='ocrx_word' id='word_1_92' title='bbox 1816 723 1950 775; x_wconf 86' lang='lat' dir='ltr'>saciat,</span> <span class='ocrx_word' id='word_1_93' title='bbox 1980 724 2189 777; x_wconf 88' lang='lat' dir='ltr'>impediri,</span> <span class='ocrx_word' id='word_1_94' title='bbox 2212 726 2427 779; x_wconf 88' lang='lat' dir='ltr'>prohiberi,</span> <span class='ocrx_word' id='word_1_95' title='bbox 2452 727 2583 769; x_wconf 88' lang='lat' dir='ltr'>deter-</span> 
     </span>
     <span class='ocr_line' id='line_1_10' title="bbox 535 785 2582 844; baseline -0 -12"><span class='ocrx_word' id='word_1_96' title='bbox 535 794 615 832; x_wconf 89' lang='lat' dir='ltr'>reri</span> <span class='ocrx_word' id='word_1_97' title='bbox 640 791 688 831; x_wconf 89' lang='lat' dir='ltr'>ah</span> <span class='ocrx_word' id='word_1_98' title='bbox 715 791 792 829; x_wconf 89' lang='lat' dir='ltr'>alio</span> <span class='ocrx_word' id='word_1_99' title='bbox 817 788 1004 840; x_wconf 84' lang='lat' dir='ltr'>quodam.</span> <span class='ocrx_word' id='word_1_100' title='bbox 1041 788 1089 826; x_wconf 90' lang='lat' dir='ltr'>cs.</span> <span class='ocrx_word' id='word_1_101' title='bbox 1116 786 1253 840; x_wconf 86' lang='lat' dir='ltr'>Eurip.</span> <span class='ocrx_word' id='word_1_102' title='bbox 1278 787 1425 826; x_wconf 88' lang='lat' dir='ltr'>Troad.</span> <span class='ocrx_word' id='word_1_103' title='bbox 1453 789 1552 827; x_wconf 86' lang='lat'>350:</span> <span class='ocrx_word' id='word_1_104' title='bbox 1580 786 1638 835; x_wconf 82' lang='grc' dir='ltr'>ώς</span> <span class='ocrx_word' id='word_1_105' title='bbox 1664 786 1745 838; x_wconf 75' lang='grc' dir='ltr'>οὐχ</span> <span class='ocrx_word' id='word_1_106' title='bbox 1787 785 1862 828; x_wconf 84' lang='grc' dir='ltr'>ὑπ’</span> <span class='ocrx_word' id='word_1_107' title='bbox 1888 789 2099 843; x_wconf 77' lang='grc' dir='ltr'><em>αἰχμῆς,</em></span> <span class='ocrx_word' id='word_1_108' title='bbox 2126 787 2213 827; x_wconf 78' lang='grc' dir='ltr'><em>οὐδ’</em></span> <span class='ocrx_word' id='word_1_109' title='bbox 2247 787 2324 830; x_wconf 85' lang='grc' dir='ltr'>ὑπ’</span> <span class='ocrx_word' id='word_1_110' title='bbox 2349 790 2582 844; x_wconf 82' lang='grc' dir='ltr'><em>Ἀργείου</em></span> 
     </span>
     <span class='ocr_line' id='line_1_11' title="bbox 539 849 2584 909; baseline 0.001 -18"><span class='ocrx_word' id='word_1_111' title='bbox 539 853 693 909; x_wconf 78' lang='grc' dir='ltr'><em>δορὸς</em></span> <span class='ocrx_word' id='word_1_112' title='bbox 719 853 882 903; x_wconf 80' lang='grc' dir='ltr'><strong><em>γάμους</em></strong></span> <span class='ocrx_word' id='word_1_113' title='bbox 908 854 1136 906; x_wconf 81' lang='grc' dir='ltr'><em>γαμεῖσθαι</em></span> <span class='ocrx_word' id='word_1_114' title='bbox 1162 849 1301 891; x_wconf 75' lang='grc' dir='ltr'><em>τούσδ’</em></span> <span class='ocrx_word' id='word_1_115' title='bbox 1326 850 1527 901; x_wconf 77' lang='grc' dir='ltr'>ἐδόξαζόν</span> <span class='ocrx_word' id='word_1_116' title='bbox 1552 861 1668 890; x_wconf 85' lang='grc' dir='ltr'><em>ποτε.</em></span> <span class='ocrx_word' id='word_1_117' title='bbox 1685 875 1733 880; x_wconf 87' lang='grc'><strong>-</strong></span> <span class='ocrx_word' id='word_1_118' title='bbox 1760 852 1909 892; x_wconf 89' lang='lat' dir='ltr'><strong>Herod.</strong></span> <span class='ocrx_word' id='word_1_119' title='bbox 1939 853 2033 904; x_wconf 87' lang='lat' dir='ltr'>Vll,</span> <span class='ocrx_word' id='word_1_120' title='bbox 2056 855 2157 892; x_wconf 80' lang='lat'><strong>226:</strong></span> <span class='ocrx_word' id='word_1_121' title='bbox 2190 853 2232 890; x_wconf 89' lang='grc' dir='ltr'>οἱ</span> <span class='ocrx_word' id='word_1_122' title='bbox 2266 853 2479 908; x_wconf 79' lang='grc' dir='ltr'>βάρβαροι</span> <span class='ocrx_word' id='word_1_123' title='bbox 2512 857 2584 897; x_wconf 75' lang='grc' dir='ltr'>τὸν</span> 
     </span>
     <span class='ocr_line' id='line_1_12' title="bbox 537 914 2586 974; baseline 0 -14"><span class='ocrx_word' id='word_1_124' title='bbox 537 917 651 974; x_wconf 67' lang='grc' dir='ltr'><em>ἥλιον</em></span> <span class='ocrx_word' id='word_1_125' title='bbox 679 915 780 958; x_wconf 83' lang='grc' dir='ltr'>ὑπὸ</span> <span class='ocrx_word' id='word_1_126' title='bbox 815 921 907 955; x_wconf 84' lang='grc' dir='ltr'>τοῦ</span> <span class='ocrx_word' id='word_1_127' title='bbox 942 914 1177 970; x_wconf 75' lang='grc' dir='ltr'><em>πλήθεος</em></span> <span class='ocrx_word' id='word_1_128' title='bbox 1211 919 1292 955; x_wconf 78' lang='grc' dir='ltr'>τῶν</span> <span class='ocrx_word' id='word_1_129' title='bbox 1317 915 1466 954; x_wconf 79' lang='grc' dir='ltr'>ὀϊστῶν</span> <span class='ocrx_word' id='word_1_130' title='bbox 1493 914 1809 969; x_wconf 78' lang='grc' dir='ltr'><em>ἀποκρύπτουσι</em></span> <span class='ocrx_word' id='word_1_131' title='bbox 1834 919 1861 956; x_wconf 86' lang='lat' dir='ltr'>i.</span> <span class='ocrx_word' id='word_1_132' title='bbox 1889 931 1923 956; x_wconf 90' lang='lat' dir='ltr'>e.</span> <span class='ocrx_word' id='word_1_133' title='bbox 1948 915 2004 971; x_wconf 73' lang='grc' dir='ltr'><em>μή</em></span> <span class='ocrx_word' id='word_1_134' title='bbox 2034 914 2219 970; x_wconf 78' lang='grc' dir='ltr'>ὁρᾶσθαι</span> <span class='ocrx_word' id='word_1_135' title='bbox 2245 921 2433 967; x_wconf 86' lang='grc' dir='ltr'><em>ποιοῦσι,</em></span> <span class='ocrx_word' id='word_1_136' title='bbox 2458 920 2586 973; x_wconf 85' lang='lat' dir='ltr'>plura,</span> 
     </span>
     <span class='ocr_line' id='line_1_13' title="bbox 537 982 2587 1038; baseline 0.001 -15"><span class='ocrx_word' id='word_1_137' title='bbox 537 998 638 1037; x_wconf 88' lang='lat' dir='ltr'>quae</span> <span class='ocrx_word' id='word_1_138' title='bbox 665 983 773 1036; x_wconf 87' lang='lat' dir='ltr'>larga</span> <span class='ocrx_word' id='word_1_139' title='bbox 797 996 919 1023; x_wconf 87' lang='lat' dir='ltr'>manu</span> <span class='ocrx_word' id='word_1_140' title='bbox 945 985 988 1022; x_wconf 93' lang='lat' dir='ltr'>in</span> <span class='ocrx_word' id='word_1_141' title='bbox 1013 984 1275 1035; x_wconf 86' lang='lat' dir='ltr'>grammaticis</span> <span class='ocrx_word' id='word_1_142' title='bbox 1300 982 1543 1034; x_wconf 87' lang='lat' dir='ltr'>suppeditata</span> <span class='ocrx_word' id='word_1_143' title='bbox 1569 983 1759 1021; x_wconf 88' lang='lat' dir='ltr'>invenies.</span> <span class='ocrx_word' id='word_1_144' title='bbox 1806 982 1947 1034; x_wconf 88' lang='lat' dir='ltr'>ltaque</span> <span class='ocrx_word' id='word_1_145' title='bbox 1972 984 2014 1022; x_wconf 87' lang='lat' dir='ltr'>in</span> <span class='ocrx_word' id='word_1_146' title='bbox 2038 985 2105 1035; x_wconf 86' lang='lat' dir='ltr'>iis,</span> <span class='ocrx_word' id='word_1_147' title='bbox 2132 997 2232 1036; x_wconf 89' lang='lat' dir='ltr'>quae</span> <span class='ocrx_word' id='word_1_148' title='bbox 2257 986 2469 1037; x_wconf 82' lang='lat' dir='ltr'>agitamus,</span> <span class='ocrx_word' id='word_1_149' title='bbox 2494 988 2587 1038; x_wconf 85' lang='lat' dir='ltr'>qui-</span> 
     </span>
     <span class='ocr_line' id='line_1_14' title="bbox 535 1045 2587 1101; baseline 0 -12"><span class='ocrx_word' id='word_1_150' title='bbox 535 1050 608 1089; x_wconf 90' lang='lat' dir='ltr'>hus</span> <span class='ocrx_word' id='word_1_151' title='bbox 632 1048 877 1101; x_wconf 83' lang='lat' dir='ltr'>perficiendis</span> <span class='ocrx_word' id='word_1_152' title='bbox 902 1047 1124 1092; x_wconf 85' lang='lat' dir='ltr'>studemus,</span> <span class='ocrx_word' id='word_1_153' title='bbox 1162 1060 1185 1085; x_wconf 92' lang='lat' dir='ltr'>a</span> <span class='ocrx_word' id='word_1_154' title='bbox 1212 1047 1349 1098; x_wconf 78' lang='lat' dir='ltr'>qulbus</span> <span class='ocrx_word' id='word_1_155' title='bbox 1373 1045 1621 1098; x_wconf 81' lang='lat' dir='ltr'>suscipiendis</span> <span class='ocrx_word' id='word_1_156' title='bbox 1647 1046 1864 1086; x_wconf 83' lang='lat' dir='ltr'>recedimus</span> <span class='ocrx_word' id='word_1_157' title='bbox 1889 1056 1961 1086; x_wconf 89' lang='lat' dir='ltr'>etc.</span> <span class='ocrx_word' id='word_1_158' title='bbox 1987 1061 2080 1086; x_wconf 88' lang='lat' dir='ltr'>cum</span> <span class='ocrx_word' id='word_1_159' title='bbox 2105 1049 2185 1087; x_wconf 86' lang='lat' dir='ltr'>fere</span> <span class='ocrx_word' id='word_1_160' title='bbox 2211 1049 2259 1087; x_wconf 92' lang='lat' dir='ltr'>ab</span> <span class='ocrx_word' id='word_1_161' title='bbox 2285 1051 2408 1088; x_wconf 87' lang='lat' dir='ltr'>animi</span> <span class='ocrx_word' id='word_1_162' title='bbox 2434 1049 2587 1089; x_wconf 76' lang='lat' dir='ltr'>affecti-</span> 
     </span>
     <span class='ocr_line' id='line_1_15' title="bbox 538 1111 2585 1167; baseline 0 -13"><span class='ocrx_word' id='word_1_163' title='bbox 538 1115 635 1166; x_wconf 87' lang='lat' dir='ltr'>bus,</span> <span class='ocrx_word' id='word_1_164' title='bbox 660 1121 791 1165; x_wconf 89' lang='lat' dir='ltr'>metu,</span> <span class='ocrx_word' id='word_1_165' title='bbox 815 1126 897 1165; x_wconf 91' lang='lat' dir='ltr'>spe,</span> <span class='ocrx_word' id='word_1_166' title='bbox 920 1112 1064 1164; x_wconf 88' lang='lat' dir='ltr'>gaudio</span> <span class='ocrx_word' id='word_1_167' title='bbox 1089 1112 1278 1151; x_wconf 86' lang='lat' dir='ltr'>similibus</span> <span class='ocrx_word' id='word_1_168' title='bbox 1302 1111 1542 1163; x_wconf 86' lang='lat' dir='ltr'>pendeamus</span> <span class='ocrx_word' id='word_1_169' title='bbox 1567 1113 1640 1149; x_wconf 90' lang='lat' dir='ltr'>toti</span> <span class='ocrx_word' id='word_1_170' title='bbox 1664 1119 1781 1163; x_wconf 88' lang='lat' dir='ltr'>atque</span> <span class='ocrx_word' id='word_1_171' title='bbox 1806 1124 2008 1167; x_wconf 85' lang='lat' dir='ltr'>regamur,</span> <span class='ocrx_word' id='word_1_172' title='bbox 2032 1120 2099 1152; x_wconf 86' lang='lat' dir='ltr'>aut</span> <span class='ocrx_word' id='word_1_173' title='bbox 2123 1112 2174 1152; x_wconf 90' lang='lat' dir='ltr'>ad</span> <span class='ocrx_word' id='word_1_174' title='bbox 2199 1121 2373 1153; x_wconf 86' lang='lat' dir='ltr'>externas</span> <span class='ocrx_word' id='word_1_175' title='bbox 2399 1115 2585 1166; x_wconf 85' lang='lat' dir='ltr'>quasdam</span> 
     </span>
     <span class='ocr_line' id='line_1_16' title="bbox 538 1175 2586 1230; baseline 0 -11"><span class='ocrx_word' id='word_1_176' title='bbox 538 1192 600 1219; x_wconf 88' lang='lat' dir='ltr'>res</span> <span class='ocrx_word' id='word_1_177' title='bbox 626 1192 841 1229; x_wconf 82' lang='lat' dir='ltr'>rerumque</span> <span class='ocrx_word' id='word_1_178' title='bbox 866 1177 1133 1228; x_wconf 84' lang='lat' dir='ltr'>conditiones,</span> <span class='ocrx_word' id='word_1_179' title='bbox 1170 1189 1347 1227; x_wconf 91' lang='lat' dir='ltr'>quaeque</span> <span class='ocrx_word' id='word_1_180' title='bbox 1373 1176 1421 1214; x_wconf 88' lang='lat' dir='ltr'>ab</span> <span class='ocrx_word' id='word_1_181' title='bbox 1445 1175 1504 1214; x_wconf 91' lang='lat' dir='ltr'>his</span> <span class='ocrx_word' id='word_1_182' title='bbox 1530 1175 1724 1214; x_wconf 86' lang='lat' dir='ltr'>dictantur</span> <span class='ocrx_word' id='word_1_183' title='bbox 1748 1184 1979 1229; x_wconf 78' lang='lat' dir='ltr'>praecepta,</span> <span class='ocrx_word' id='word_1_184' title='bbox 2003 1189 2286 1230; x_wconf 84' lang='lat' dir='ltr'>componamus</span> <span class='ocrx_word' id='word_1_185' title='bbox 2311 1179 2468 1219; x_wconf 85' lang='lat' dir='ltr'>consilia</span> <span class='ocrx_word' id='word_1_186' title='bbox 2492 1193 2586 1220; x_wconf 86' lang='lat' dir='ltr'>nos-</span> 
     </span>
     <span class='ocr_line' id='line_1_17' title="bbox 473 1240 2586 1296; baseline 0 -12"><span class='ocrx_word' id='word_1_187' title='bbox 473 1281 480 1284; x_wconf 89' lang='lat'><em>.</em></span> <span class='ocrx_word' id='word_1_188' title='bbox 542 1253 602 1284; x_wconf 85' lang='lat' dir='ltr'>tra</span> <span class='ocrx_word' id='word_1_189' title='bbox 628 1243 847 1296; x_wconf 85' lang='lat' dir='ltr'>agendique</span> <span class='ocrx_word' id='word_1_190' title='bbox 871 1244 1060 1291; x_wconf 88' lang='lat' dir='ltr'>rationes,</span> <span class='ocrx_word' id='word_1_191' title='bbox 1084 1240 1231 1291; x_wconf 90' lang='lat' dir='ltr'>ubique</span> <span class='ocrx_word' id='word_1_192' title='bbox 1259 1253 1354 1280; x_wconf 90' lang='lat' dir='ltr'>vero</span> <span class='ocrx_word' id='word_1_193' title='bbox 1380 1249 1462 1279; x_wconf 88' lang='lat' dir='ltr'>tam</span> <span class='ocrx_word' id='word_1_194' title='bbox 1486 1242 1528 1279; x_wconf 91' lang='lat' dir='ltr'>in</span> <span class='ocrx_word' id='word_1_195' title='bbox 1554 1242 1611 1290; x_wconf 88' lang='lat' dir='ltr'>iis,</span> <span class='ocrx_word' id='word_1_196' title='bbox 1637 1253 1737 1291; x_wconf 90' lang='lat' dir='ltr'>quae</span> <span class='ocrx_word' id='word_1_197' title='bbox 1760 1250 1974 1293; x_wconf 91' lang='lat' dir='ltr'>sectamur,</span> <span class='ocrx_word' id='word_1_198' title='bbox 1999 1255 2118 1294; x_wconf 90' lang='lat' dir='ltr'>quam</span> <span class='ocrx_word' id='word_1_199' title='bbox 2143 1245 2186 1282; x_wconf 89' lang='lat' dir='ltr'>in</span> <span class='ocrx_word' id='word_1_200' title='bbox 2211 1246 2276 1293; x_wconf 89' lang='lat' dir='ltr'>iis,</span> <span class='ocrx_word' id='word_1_201' title='bbox 2304 1245 2442 1295; x_wconf 90' lang='lat' dir='ltr'>quibus</span> <span class='ocrx_word' id='word_1_202' title='bbox 2467 1245 2586 1284; x_wconf 85' lang='lat' dir='ltr'>absti-</span> 
     </span>
     <span class='ocr_line' id='line_1_18' title="bbox 539 1303 2588 1362; baseline 0.001 -15"><span class='ocrx_word' id='word_1_203' title='bbox 539 1321 700 1358; x_wconf 89' lang='lat' dir='ltr'>nemus,</span> <span class='ocrx_word' id='word_1_204' title='bbox 726 1319 825 1358; x_wconf 88' lang='lat' dir='ltr'>quae</span> <span class='ocrx_word' id='word_1_205' title='bbox 851 1306 1221 1357; x_wconf 86' lang='lat' dir='ltr'>praetermittimus,</span> <span class='ocrx_word' id='word_1_206' title='bbox 1252 1306 1310 1341; x_wconf 89' lang='lat' dir='ltr'>rei</span> <span class='ocrx_word' id='word_1_207' title='bbox 1343 1304 1498 1341; x_wconf 89' lang='lat' dir='ltr'>cuidam</span> <span class='ocrx_word' id='word_1_208' title='bbox 1525 1303 1797 1355; x_wconf 88' lang='lat' dir='ltr'>obtemperare</span> <span class='ocrx_word' id='word_1_209' title='bbox 1821 1306 2048 1359; x_wconf 88' lang='lat' dir='ltr'>videamur,</span> <span class='ocrx_word' id='word_1_210' title='bbox 2083 1316 2150 1346; x_wconf 89' lang='lat' dir='ltr'>aut</span> <span class='ocrx_word' id='word_1_211' title='bbox 2174 1309 2217 1347; x_wconf 92' lang='lat' dir='ltr'>in</span> <span class='ocrx_word' id='word_1_212' title='bbox 2245 1310 2335 1360; x_wconf 91' lang='lat' dir='ltr'>ipsis</span> <span class='ocrx_word' id='word_1_213' title='bbox 2358 1309 2495 1362; x_wconf 90' lang='lat' dir='ltr'>nobis,</span> <span class='ocrx_word' id='word_1_214' title='bbox 2520 1318 2588 1349; x_wconf 90' lang='lat' dir='ltr'>aut</span> 
     </span>
     <span class='ocr_line' id='line_1_19' title="bbox 541 1368 2588 1426; baseline 0 -14"><span class='ocrx_word' id='word_1_215' title='bbox 541 1381 649 1412; x_wconf 88' lang='lat' dir='ltr'>extra</span> <span class='ocrx_word' id='word_1_216' title='bbox 672 1385 744 1411; x_wconf 90' lang='lat' dir='ltr'>nos</span> <span class='ocrx_word' id='word_1_217' title='bbox 768 1373 882 1410; x_wconf 87' lang='lat' dir='ltr'>sitae:</span> <span class='ocrx_word' id='word_1_218' title='bbox 909 1369 1049 1409; x_wconf 86' lang='lat' dir='ltr'>Graeci</span> <span class='ocrx_word' id='word_1_219' title='bbox 1073 1368 1142 1408; x_wconf 87' lang='lat' dir='ltr'>has</span> <span class='ocrx_word' id='word_1_220' title='bbox 1169 1369 1370 1406; x_wconf 88' lang='lat' dir='ltr'>actionum</span> <span class='ocrx_word' id='word_1_221' title='bbox 1394 1375 1615 1406; x_wconf 86' lang='lat' dir='ltr'>nostrarum</span> <span class='ocrx_word' id='word_1_222' title='bbox 1641 1381 1788 1408; x_wconf 88' lang='lat' dir='ltr'>caussas</span> <span class='ocrx_word' id='word_1_223' title='bbox 1815 1368 2025 1408; x_wconf 87' lang='lat' dir='ltr'>efficientes</span> <span class='ocrx_word' id='word_1_224' title='bbox 2045 1373 2266 1421; x_wconf 82' lang='lat' dir='ltr'>saepissime</span> <span class='ocrx_word' id='word_1_225' title='bbox 2290 1373 2460 1412; x_wconf 90' lang='lat' dir='ltr'>secundo</span> <span class='ocrx_word' id='word_1_226' title='bbox 2484 1387 2588 1426; x_wconf 86' lang='lat' dir='ltr'>casu,</span> 
     </span>
     <span class='ocr_line' id='line_1_20' title="bbox 539 1430 2588 1490; baseline 0 -14"><span class='ocrx_word' id='word_1_227' title='bbox 539 1446 633 1490; x_wconf 91' lang='lat' dir='ltr'>apto</span> <span class='ocrx_word' id='word_1_228' title='bbox 659 1437 728 1475; x_wconf 88' lang='lat' dir='ltr'>illo</span> <span class='ocrx_word' id='word_1_229' title='bbox 755 1449 777 1474; x_wconf 91' lang='lat' dir='ltr'>a</span> <span class='ocrx_word' id='word_1_230' title='bbox 801 1448 978 1487; x_wconf 80' lang='lat' dir='ltr'>praepos.</span> <span class='ocrx_word' id='word_1_231' title='bbox 1007 1431 1093 1474; x_wconf 80' lang='grc' dir='ltr'>ὑπό</span> <span class='ocrx_word' id='word_1_232' title='bbox 1120 1435 1323 1471; x_wconf 87' lang='lat' dir='ltr'>enuntiare</span> <span class='ocrx_word' id='word_1_233' title='bbox 1347 1432 1485 1471; x_wconf 88' lang='lat' dir='ltr'>solent.</span> <span class='ocrx_word' id='word_1_234' title='bbox 1539 1430 1642 1471; x_wconf 87' lang='lat' dir='ltr'>Inde</span> <span class='ocrx_word' id='word_1_235' title='bbox 1666 1434 1784 1484; x_wconf 88' lang='lat' dir='ltr'>igitur</span> <span class='ocrx_word' id='word_1_236' title='bbox 1809 1433 2139 1485; x_wconf 87' lang='lat' dir='ltr'>frequentissimae</span> <span class='ocrx_word' id='word_1_237' title='bbox 2160 1435 2249 1475; x_wconf 91' lang='lat' dir='ltr'>illae</span> <span class='ocrx_word' id='word_1_238' title='bbox 2270 1437 2477 1489; x_wconf 84' lang='lat' dir='ltr'>formulae,</span> <span class='ocrx_word' id='word_1_239' title='bbox 2502 1436 2588 1478; x_wconf 80' lang='grc' dir='ltr'>ὑπὸ</span> 
     </span>
     <span class='ocr_line' id='line_1_21' title="bbox 545 1493 2588 1555; baseline -0.002 -18"><span class='ocrx_word' id='word_1_240' title='bbox 545 1503 703 1545; x_wconf 81' lang='grc' dir='ltr'><em>θυμοῦ,</em></span> <span class='ocrx_word' id='word_1_241' title='bbox 731 1497 800 1538; x_wconf 83' lang='grc' dir='ltr'>ὑπ’</span> <span class='ocrx_word' id='word_1_242' title='bbox 827 1499 966 1549; x_wconf 79' lang='grc' dir='ltr'><em>ὀργῆς,</em></span> <span class='ocrx_word' id='word_1_243' title='bbox 996 1494 1081 1535; x_wconf 81' lang='grc' dir='ltr'>ὑπὸ</span> <span class='ocrx_word' id='word_1_244' title='bbox 1110 1496 1317 1547; x_wconf 73' lang='grc' dir='ltr'><em>σπουδῆς,</em></span> <span class='ocrx_word' id='word_1_245' title='bbox 1342 1493 1427 1534; x_wconf 84' lang='grc' dir='ltr'>ὑπὸ</span> <span class='ocrx_word' id='word_1_246' title='bbox 1453 1497 1720 1549; x_wconf 77' lang='grc' dir='ltr'><em>προθυμίας,</em></span> <span class='ocrx_word' id='word_1_247' title='bbox 1757 1494 1841 1536; x_wconf 79' lang='grc' dir='ltr'>ὑπὸ</span> <span class='ocrx_word' id='word_1_248' title='bbox 1869 1497 2003 1549; x_wconf 79' lang='grc' dir='ltr'><em>δέους,</em></span> <span class='ocrx_word' id='word_1_249' title='bbox 2029 1496 2097 1550; x_wconf 82' lang='grc' dir='ltr'>ὑφ’</span> <span class='ocrx_word' id='word_1_250' title='bbox 2124 1494 2286 1552; x_wconf 75' lang='grc' dir='ltr'><em>ὕβριος,</em></span> <span class='ocrx_word' id='word_1_251' title='bbox 2315 1497 2400 1540; x_wconf 82' lang='grc' dir='ltr'>ὑπὸ</span> <span class='ocrx_word' id='word_1_252' title='bbox 2429 1500 2588 1555; x_wconf 63' lang='grc' dir='ltr'><em>φρονή-</em></span> 
     </span>
     <span class='ocr_line' id='line_1_22' title="bbox 546 1560 2587 1620; baseline 0.002 -19"><span class='ocrx_word' id='word_1_253' title='bbox 546 1576 681 1610; x_wconf 81' lang='grc' dir='ltr'><em>ματος</em></span> <span class='ocrx_word' id='word_1_254' title='bbox 706 1571 745 1602; x_wconf 90' lang='lat' dir='ltr'>et</span> <span class='ocrx_word' id='word_1_255' title='bbox 772 1577 810 1615; x_wconf 91' lang='lat' dir='ltr'>q.</span> <span class='ocrx_word' id='word_1_256' title='bbox 840 1576 869 1602; x_wconf 90' lang='lat' dir='ltr'>s.</span> <span class='ocrx_word' id='word_1_257' title='bbox 893 1576 925 1601; x_wconf 92' lang='lat' dir='ltr'>r.</span> <span class='ocrx_word' id='word_1_258' title='bbox 952 1569 1067 1601; x_wconf 91' lang='lat' dir='ltr'>erunt</span> <span class='ocrx_word' id='word_1_259' title='bbox 1102 1560 1371 1612; x_wconf 86' lang='lat' dir='ltr'>explicandae,</span> <span class='ocrx_word' id='word_1_260' title='bbox 1403 1560 1515 1611; x_wconf 81' lang='lat' dir='ltr'>inde,</span> <span class='ocrx_word' id='word_1_261' title='bbox 1549 1560 1654 1610; x_wconf 91' lang='lat' dir='ltr'>quod</span> <span class='ocrx_word' id='word_1_262' title='bbox 1686 1569 1818 1600; x_wconf 91' lang='lat' dir='ltr'>nostro</span> <span class='ocrx_word' id='word_1_263' title='bbox 1855 1563 1942 1601; x_wconf 93' lang='lat' dir='ltr'>loco</span> <span class='ocrx_word' id='word_1_264' title='bbox 1981 1572 2055 1614; x_wconf 89' lang='lat' dir='ltr'>est,</span> <span class='ocrx_word' id='word_1_265' title='bbox 2095 1560 2179 1602; x_wconf 84' lang='grc' dir='ltr'>ὑπὸ</span> <span class='ocrx_word' id='word_1_266' title='bbox 2216 1563 2413 1616; x_wconf 75' lang='grc' dir='ltr'><em>πλήθους</em></span> <span class='ocrx_word' id='word_1_267' title='bbox 2446 1566 2587 1620; x_wconf 79' lang='grc' dir='ltr'><em>φόνων</em></span> 
     </span>
     <span class='ocr_line' id='line_1_23' title="bbox 543 1623 2587 1681; baseline 0.001 -13"><span class='ocrx_word' id='word_1_268' title='bbox 543 1630 766 1681; x_wconf 87' lang='lat' dir='ltr'>similesque</span> <span class='ocrx_word' id='word_1_269' title='bbox 798 1627 1012 1681; x_wconf 76' lang='lat' dir='ltr'>formulae,</span> <span class='ocrx_word' id='word_1_270' title='bbox 1050 1625 1262 1666; x_wconf 88' lang='lat' dir='ltr'>Plutarcho</span> <span class='ocrx_word' id='word_1_271' title='bbox 1288 1626 1568 1666; x_wconf 85' lang='lat' dir='ltr'>usitatissimae.</span> <span class='ocrx_word' id='word_1_272' title='bbox 1620 1623 1680 1665; x_wconf 83' lang='lat' dir='ltr'>Cf.</span> <span class='ocrx_word' id='word_1_273' title='bbox 1708 1624 1791 1666; x_wconf 90' lang='lat' dir='ltr'>Cic.</span> <span class='ocrx_word' id='word_1_274' title='bbox 1818 1625 1924 1666; x_wconf 88' lang='lat' dir='ltr'>Xll.</span> <span class='ocrx_word' id='word_1_275' title='bbox 1956 1625 2087 1668; x_wconf 77' lang='grc' dir='ltr'><em>ἐδόκει</em></span> <span class='ocrx_word' id='word_1_276' title='bbox 2115 1625 2159 1670; x_wconf 79' lang='grc' dir='ltr'>δὲ</span> <span class='ocrx_word' id='word_1_277' title='bbox 2187 1629 2256 1667; x_wconf 83' lang='grc' dir='ltr'>καὶ</span> <span class='ocrx_word' id='word_1_278' title='bbox 2283 1627 2354 1668; x_wconf 88' lang='grc' dir='ltr'>τὸν</span> <span class='ocrx_word' id='word_1_279' title='bbox 2379 1628 2587 1671; x_wconf 76' lang='grc' dir='ltr'><em>Κατιλίνα</em></span> 
     </span>
    </p>
   </div>
   <div class='ocr_carea' id='block_1_4' title="bbox 666 1783 2596 2734">
    <p class='ocr_par' dir='ltr' id='par_1_4' title="bbox 666 1783 2596 2734">
     <span class='ocr_line' id='line_1_24' title="bbox 669 1783 2592 1834; baseline 0.001 -11"><span class='ocrx_word' id='word_1_280' title='bbox 669 1788 809 1824; x_wconf 64' lang='lat' dir='ltr'>utsbann</span> <span class='ocrx_word' id='word_1_281' title='bbox 837 1786 888 1821; x_wconf 66' lang='lat'>&lt;113</span> <span class='ocrx_word' id='word_1_282' title='bbox 913 1788 974 1821; x_wconf 60' lang='lat' dir='ltr'>bag</span> <span class='ocrx_word' id='word_1_283' title='bbox 1000 1784 1262 1830; x_wconf 59' lang='lat' dir='ltr'>notbettfffienbe</span> <span class='ocrx_word' id='word_1_284' title='bbox 1289 1783 1452 1830; x_wconf 65' lang='lat' dir='ltr'>aufgefafit</span> <span class='ocrx_word' id='word_1_285' title='bbox 1478 1786 1604 1821; x_wconf 73' lang='lat' dir='ltr'>mctbcn</span> <span class='ocrx_word' id='word_1_286' title='bbox 1629 1785 1779 1830; x_wconf 71' lang='lat' dir='ltr'>fbnncn.)</span> <span class='ocrx_word' id='word_1_287' title='bbox 1812 1786 1906 1828; x_wconf 81' lang='lat' dir='ltr'>Quid</span> <span class='ocrx_word' id='word_1_288' title='bbox 1933 1787 2048 1832; x_wconf 86' lang='lat' dir='ltr'>igitur</span> <span class='ocrx_word' id='word_1_289' title='bbox 2073 1788 2240 1834; x_wconf 78' lang='lat' dir='ltr'>impedit,</span> <span class='ocrx_word' id='word_1_290' title='bbox 2267 1788 2459 1833; x_wconf 86' lang='lat' dir='ltr'>quominus</span> <span class='ocrx_word' id='word_1_291' title='bbox 2484 1784 2592 1826; x_wconf 81' lang='grc' dir='ltr'>ἀνα-</span> 
     </span>
     <span class='ocr_line' id='line_1_25' title="bbox 666 1844 2591 1899; baseline 0.001 -12"><span class='ocrx_word' id='word_1_292' title='bbox 666 1847 869 1899; x_wconf 74' lang='grc' dir='ltr'><em>λογικαῖς,</em></span> <span class='ocrx_word' id='word_1_293' title='bbox 909 1851 971 1885; x_wconf 90' lang='lat' dir='ltr'>ubi</span> <span class='ocrx_word' id='word_1_294' title='bbox 1006 1860 1174 1894; x_wconf 83' lang='lat' dir='ltr'>praepos.</span> <span class='ocrx_word' id='word_1_295' title='bbox 1204 1844 1290 1886; x_wconf 84' lang='grc' dir='ltr'>ὑπό</span> <span class='ocrx_word' id='word_1_296' title='bbox 1326 1860 1358 1884; x_wconf 86' lang='lat' dir='ltr'>c.</span> <span class='ocrx_word' id='word_1_297' title='bbox 1383 1859 1467 1894; x_wconf 85' lang='lat' dir='ltr'>gen.</span> <span class='ocrx_word' id='word_1_298' title='bbox 1495 1850 1691 1893; x_wconf 82' lang='lat' dir='ltr'>conjuncta</span> <span class='ocrx_word' id='word_1_299' title='bbox 1726 1861 1756 1884; x_wconf 84' lang='lat' dir='ltr'>o.</span> <span class='ocrx_word' id='word_1_300' title='bbox 1782 1853 1882 1887; x_wconf 84' lang='lat' dir='ltr'>verb.</span> <span class='ocrx_word' id='word_1_301' title='bbox 1907 1852 2075 1885; x_wconf 89' lang='lat' dir='ltr'>movendi</span> <span class='ocrx_word' id='word_1_302' title='bbox 2102 1852 2331 1896; x_wconf 88' lang='lat' dir='ltr'>componitur</span> <span class='ocrx_word' id='word_1_303' title='bbox 2356 1853 2474 1888; x_wconf 83' lang='lat' dir='ltr'>simile</span> <span class='ocrx_word' id='word_1_304' title='bbox 2503 1863 2591 1889; x_wconf 82' lang='lat' dir='ltr'>ora-</span> 
     </span>
     <span class='ocr_line' id='line_1_26' title="bbox 668 1909 2591 1962; baseline 0 -10"><span class='ocrx_word' id='word_1_305' title='bbox 668 1917 780 1953; x_wconf 82' lang='lat' dir='ltr'>tionis</span> <span class='ocrx_word' id='word_1_306' title='bbox 816 1916 1068 1959; x_wconf 85' lang='lat' dir='ltr'>compendium</span> <span class='ocrx_word' id='word_1_307' title='bbox 1103 1914 1266 1950; x_wconf 83' lang='lat' dir='ltr'>obtinere</span> <span class='ocrx_word' id='word_1_308' title='bbox 1300 1917 1521 1958; x_wconf 82' lang='lat' dir='ltr'>statuamus,</span> <span class='ocrx_word' id='word_1_309' title='bbox 1561 1916 1613 1948; x_wconf 86' lang='lat' dir='ltr'>ita</span> <span class='ocrx_word' id='word_1_310' title='bbox 1650 1918 1690 1948; x_wconf 92' lang='lat' dir='ltr'>ut</span> <span class='ocrx_word' id='word_1_311' title='bbox 1728 1909 1851 1951; x_wconf 80' lang='grc' dir='ltr'><em>πέσεν</em></span> <span class='ocrx_word' id='word_1_312' title='bbox 1883 1910 1925 1949; x_wconf 83' lang='grc' dir='ltr'>ἑν</span> <span class='ocrx_word' id='word_1_313' title='bbox 1950 1916 2135 1962; x_wconf 76' lang='grc' dir='ltr'><em>κονίῃσεν</em></span> <span class='ocrx_word' id='word_1_314' title='bbox 2161 1926 2241 1950; x_wconf 83' lang='lat' dir='ltr'>eum</span> <span class='ocrx_word' id='word_1_315' title='bbox 2269 1917 2428 1951; x_wconf 87' lang='lat' dir='ltr'>breviter</span> <span class='ocrx_word' id='word_1_316' title='bbox 2455 1918 2591 1952; x_wconf 83' lang='lat' dir='ltr'>dietum</span> 
     </span>
     <span class='ocr_line' id='line_1_27' title="bbox 673 1971 2594 2031; baseline 0.001 -14"><span class='ocrx_word' id='word_1_317' title='bbox 673 1983 721 2017; x_wconf 84' lang='lat' dir='ltr'>sit</span> <span class='ocrx_word' id='word_1_318' title='bbox 755 1992 840 2025; x_wconf 86' lang='lat' dir='ltr'>pro:</span> <span class='ocrx_word' id='word_1_319' title='bbox 877 1975 998 2017; x_wconf 82' lang='grc' dir='ltr'><em>πέσεν</em></span> <span class='ocrx_word' id='word_1_320' title='bbox 1031 1971 1137 2015; x_wconf 75' lang='grc' dir='ltr'><em>ὥστε</em></span> <span class='ocrx_word' id='word_1_321' title='bbox 1164 1971 1266 2016; x_wconf 81' lang='grc' dir='ltr'><em>εἶναι</em></span> <span class='ocrx_word' id='word_1_322' title='bbox 1294 1988 1329 2014; x_wconf 84' lang='grc' dir='ltr'>υ.</span> <span class='ocrx_word' id='word_1_323' title='bbox 1356 1976 1519 2014; x_wconf 78' lang='grc' dir='ltr'>κεῖσθαι</span> <span class='ocrx_word' id='word_1_324' title='bbox 1553 1974 1595 2016; x_wconf 75' lang='grc' dir='ltr'>ἑν</span> <span class='ocrx_word' id='word_1_325' title='bbox 1629 1977 1831 2027; x_wconf 77' lang='grc' dir='ltr'><em>κονίῃσιν,</em></span> <span class='ocrx_word' id='word_1_326' title='bbox 1865 1980 1911 2013; x_wconf 84' lang='lat' dir='ltr'>ad</span> <span class='ocrx_word' id='word_1_327' title='bbox 1939 1979 2196 2023; x_wconf 83' lang='lat' dir='ltr'>explicandum</span> <span class='ocrx_word' id='word_1_328' title='bbox 2228 1980 2319 2015; x_wconf 87' lang='lat' dir='ltr'>illud</span> <span class='ocrx_word' id='word_1_329' title='bbox 2351 1974 2489 2031; x_wconf 78' lang='grc' dir='ltr'><em>νεκρὸν</em></span> <span class='ocrx_word' id='word_1_330' title='bbox 2522 1975 2594 2019; x_wconf 66' lang='grc' dir='ltr'>ὑπ’</span> 
     </span>
     <span class='ocr_line' id='line_1_28' title="bbox 672 2035 2593 2093; baseline -0.001 -10"><span class='ocrx_word' id='word_1_331' title='bbox 672 2041 851 2088; x_wconf 77' lang='grc' dir='ltr'>Αἴαντος</span> <span class='ocrx_word' id='word_1_332' title='bbox 876 2039 1005 2093; x_wconf 79' lang='grc' dir='ltr'><em>ἐρύειν</em></span> <span class='ocrx_word' id='word_1_333' title='bbox 1030 2048 1113 2089; x_wconf 88' lang='lat' dir='ltr'>post</span> <span class='ocrx_word' id='word_1_334' title='bbox 1139 2036 1319 2087; x_wconf 74' lang='grc' dir='ltr'>Αἴαντος</span> <span class='ocrx_word' id='word_1_335' title='bbox 1344 2045 1472 2078; x_wconf 83' lang='lat' dir='ltr'>vocab.</span> <span class='ocrx_word' id='word_1_336' title='bbox 1499 2047 1617 2077; x_wconf 88' lang='lat' dir='ltr'>mente</span> <span class='ocrx_word' id='word_1_337' title='bbox 1641 2045 1856 2088; x_wconf 84' lang='lat' dir='ltr'>suppleatur</span> <span class='ocrx_word' id='word_1_338' title='bbox 1882 2035 2005 2088; x_wconf 81' lang='grc' dir='ltr'><em>ὄντα,</em></span> <span class='ocrx_word' id='word_1_339' title='bbox 2040 2054 2156 2088; x_wconf 88' lang='lat' dir='ltr'>eaque</span> <span class='ocrx_word' id='word_1_340' title='bbox 2183 2045 2384 2080; x_wconf 85' lang='lat' dir='ltr'>sententiae</span> <span class='ocrx_word' id='word_1_341' title='bbox 2410 2047 2593 2090; x_wconf 78' lang='lat' dir='ltr'>particula</span> 
     </span>
     <span class='ocr_line' id='line_1_29' title="bbox 670 2108 2595 2153; baseline -0.001 -5"><span class='ocrx_word' id='word_1_342' title='bbox 670 2112 916 2148; x_wconf 84' lang='lat' dir='ltr'>conditionem</span> <span class='ocrx_word' id='word_1_343' title='bbox 943 2113 987 2145; x_wconf 89' lang='lat' dir='ltr'>ab</span> <span class='ocrx_word' id='word_1_344' title='bbox 1017 2111 1111 2146; x_wconf 92' lang='lat' dir='ltr'>omni</span> <span class='ocrx_word' id='word_1_345' title='bbox 1137 2111 1295 2145; x_wconf 88' lang='lat' dir='ltr'>hostium</span> <span class='ocrx_word' id='word_1_346' title='bbox 1322 2110 1456 2152; x_wconf 88' lang='lat' dir='ltr'>injuria</span> <span class='ocrx_word' id='word_1_347' title='bbox 1491 2112 1603 2142; x_wconf 92' lang='lat' dir='ltr'>tutam</span> <span class='ocrx_word' id='word_1_348' title='bbox 1639 2109 1795 2142; x_wconf 89' lang='lat' dir='ltr'>indicari</span> <span class='ocrx_word' id='word_1_349' title='bbox 1829 2111 2017 2153; x_wconf 88' lang='lat' dir='ltr'>putemus,</span> <span class='ocrx_word' id='word_1_350' title='bbox 2052 2118 2125 2152; x_wconf 85' lang='lat' dir='ltr'>qua</span> <span class='ocrx_word' id='word_1_351' title='bbox 2158 2108 2259 2143; x_wconf 82' lang='lat' dir='ltr'>caesi</span> <span class='ocrx_word' id='word_1_352' title='bbox 2285 2109 2447 2145; x_wconf 79' lang='lat' dir='ltr'>Patrocli</span> <span class='ocrx_word' id='word_1_353' title='bbox 2480 2110 2595 2146; x_wconf 80' lang='lat' dir='ltr'>fuerit</span> 
     </span>
     <span class='ocr_line' id='line_1_30' title="bbox 672 2171 2594 2222; baseline -0.001 -9"><span class='ocrx_word' id='word_1_354' title='bbox 672 2187 828 2222; x_wconf 85' lang='lat' dir='ltr'>eorpus,</span> <span class='ocrx_word' id='word_1_355' title='bbox 863 2175 1013 2219; x_wconf 84' lang='lat' dir='ltr'>Trojani</span> <span class='ocrx_word' id='word_1_356' title='bbox 1045 2176 1256 2220; x_wconf 87' lang='lat' dir='ltr'>priusquam</span> <span class='ocrx_word' id='word_1_357' title='bbox 1289 2176 1337 2210; x_wconf 89' lang='lat' dir='ltr'>ad</span> <span class='ocrx_word' id='word_1_358' title='bbox 1363 2185 1404 2209; x_wconf 88' lang='lat' dir='ltr'>se</span> <span class='ocrx_word' id='word_1_359' title='bbox 1431 2175 1469 2208; x_wconf 88' lang='lat' dir='ltr'>id</span> <span class='ocrx_word' id='word_1_360' title='bbox 1494 2174 1705 2219; x_wconf 83' lang='lat' dir='ltr'>pertrahere</span> <span class='ocrx_word' id='word_1_361' title='bbox 1732 2171 1981 2209; x_wconf 70' lang='lat' dir='ltr'>conarentur?</span> <span class='ocrx_word' id='word_1_362' title='bbox 2034 2173 2153 2208; x_wconf 77' lang='lat' dir='ltr'>Sicuti</span> <span class='ocrx_word' id='word_1_363' title='bbox 2187 2173 2286 2219; x_wconf 87' lang='lat' dir='ltr'>illie,</span> <span class='ocrx_word' id='word_1_364' title='bbox 2321 2186 2387 2220; x_wconf 90' lang='lat' dir='ltr'>pro</span> <span class='ocrx_word' id='word_1_365' title='bbox 2421 2176 2594 2222; x_wconf 89' lang='lat' dir='ltr'>termino,</span> 
     </span>
     <span class='ocr_line' id='line_1_31' title="bbox 667 2237 2595 2286; baseline -0.001 -9"><span class='ocrx_word' id='word_1_366' title='bbox 667 2244 706 2277; x_wconf 92' lang='lat' dir='ltr'>in</span> <span class='ocrx_word' id='word_1_367' title='bbox 733 2252 839 2286; x_wconf 88' lang='lat' dir='ltr'>quem</span> <span class='ocrx_word' id='word_1_368' title='bbox 867 2241 1041 2284; x_wconf 85' lang='lat' dir='ltr'>dirigitur</span> <span class='ocrx_word' id='word_1_369' title='bbox 1066 2244 1183 2275; x_wconf 86' lang='lat' dir='ltr'>motus</span> <span class='ocrx_word' id='word_1_370' title='bbox 1211 2240 1343 2284; x_wconf 80' lang='lat' dir='ltr'>aliquis</span> <span class='ocrx_word' id='word_1_371' title='bbox 1370 2243 1480 2284; x_wconf 85' lang='lat' dir='ltr'>atque</span> <span class='ocrx_word' id='word_1_372' title='bbox 1507 2239 1640 2284; x_wconf 89' lang='lat' dir='ltr'>tendit,</span> <span class='ocrx_word' id='word_1_373' title='bbox 1667 2238 1703 2272; x_wconf 92' lang='lat' dir='ltr'>id</span> <span class='ocrx_word' id='word_1_374' title='bbox 1729 2242 1846 2273; x_wconf 89' lang='lat' dir='ltr'>mente</span> <span class='ocrx_word' id='word_1_375' title='bbox 1872 2237 2108 2284; x_wconf 87' lang='lat' dir='ltr'>praecipitur,</span> <span class='ocrx_word' id='word_1_376' title='bbox 2136 2239 2232 2282; x_wconf 87' lang='lat' dir='ltr'>quod</span> <span class='ocrx_word' id='word_1_377' title='bbox 2259 2240 2426 2275; x_wconf 88' lang='lat' dir='ltr'>absoluto</span> <span class='ocrx_word' id='word_1_378' title='bbox 2452 2240 2595 2276; x_wconf 87' lang='lat' dir='ltr'>demum</span> 
     </span>
     <span class='ocr_line' id='line_1_32' title="bbox 672 2304 2594 2353; baseline 0 -11"><span class='ocrx_word' id='word_1_379' title='bbox 672 2311 771 2342; x_wconf 88' lang='lat' dir='ltr'>motu</span> <span class='ocrx_word' id='word_1_380' title='bbox 798 2307 1002 2350; x_wconf 81' lang='lat' dir='ltr'>efficietur,</span> <span class='ocrx_word' id='word_1_381' title='bbox 1037 2306 1089 2340; x_wconf 88' lang='lat' dir='ltr'>ita</span> <span class='ocrx_word' id='word_1_382' title='bbox 1130 2306 1189 2340; x_wconf 87' lang='lat' dir='ltr'>hie</span> <span class='ocrx_word' id='word_1_383' title='bbox 1216 2307 1298 2340; x_wconf 84' lang='lat' dir='ltr'>loco</span> <span class='ocrx_word' id='word_1_384' title='bbox 1325 2306 1487 2351; x_wconf 84' lang='lat' dir='ltr'>termini,</span> <span class='ocrx_word' id='word_1_385' title='bbox 1528 2315 1634 2349; x_wconf 88' lang='lat' dir='ltr'>quem</span> <span class='ocrx_word' id='word_1_386' title='bbox 1660 2304 1804 2350; x_wconf 85' lang='lat' dir='ltr'>dicunt,</span> <span class='ocrx_word' id='word_1_387' title='bbox 1839 2314 1861 2338; x_wconf 87' lang='lat' dir='ltr'>a</span> <span class='ocrx_word' id='word_1_388' title='bbox 1896 2314 1987 2349; x_wconf 88' lang='lat' dir='ltr'>quo,</span> <span class='ocrx_word' id='word_1_389' title='bbox 2023 2306 2143 2338; x_wconf 83' lang='lat' dir='ltr'>status</span> <span class='ocrx_word' id='word_1_390' title='bbox 2170 2304 2381 2350; x_wconf 84' lang='lat' dir='ltr'>depingitur</span> <span class='ocrx_word' id='word_1_391' title='bbox 2408 2306 2594 2353; x_wconf 85' lang='lat' dir='ltr'>obtinens,</span> 
     </span>
     <span class='ocr_line' id='line_1_33' title="bbox 672 2370 2595 2419; baseline 0 -12"><span class='ocrx_word' id='word_1_392' title='bbox 672 2376 864 2417; x_wconf 86' lang='lat' dir='ltr'>antequam</span> <span class='ocrx_word' id='word_1_393' title='bbox 891 2372 974 2416; x_wconf 89' lang='lat' dir='ltr'>quis</span> <span class='ocrx_word' id='word_1_394' title='bbox 1003 2374 1158 2407; x_wconf 84' lang='lat' dir='ltr'>conatus</span> <span class='ocrx_word' id='word_1_395' title='bbox 1184 2374 1282 2405; x_wconf 89' lang='lat' dir='ltr'>esset</span> <span class='ocrx_word' id='word_1_396' title='bbox 1307 2373 1454 2406; x_wconf 89' lang='lat' dir='ltr'>turbare</span> <span class='ocrx_word' id='word_1_397' title='bbox 1481 2381 1563 2405; x_wconf 89' lang='lat' dir='ltr'>eum</span> <span class='ocrx_word' id='word_1_398' title='bbox 1590 2373 1701 2414; x_wconf 87' lang='lat' dir='ltr'>atque</span> <span class='ocrx_word' id='word_1_399' title='bbox 1725 2371 1871 2414; x_wconf 88' lang='lat' dir='ltr'>tollere;</span> <span class='ocrx_word' id='word_1_400' title='bbox 1898 2374 2090 2414; x_wconf 86' lang='lat' dir='ltr'>utrumque</span> <span class='ocrx_word' id='word_1_401' title='bbox 2119 2370 2447 2419; x_wconf 78' lang='grc' dir='ltr'><em>παρατακτικῶς.</em></span> <span class='ocrx_word' id='word_1_402' title='bbox 2475 2372 2595 2416; x_wconf 81' lang='lat' dir='ltr'>Equi-</span> 
     </span>
     <span class='ocr_line' id='line_1_34' title="bbox 674 2433 2596 2482; baseline 0.001 -10"><span class='ocrx_word' id='word_1_403' title='bbox 674 2439 755 2473; x_wconf 89' lang='lat' dir='ltr'>dem</span> <span class='ocrx_word' id='word_1_404' title='bbox 782 2438 819 2472; x_wconf 90' lang='lat' dir='ltr'>in</span> <span class='ocrx_word' id='word_1_405' title='bbox 844 2439 915 2472; x_wconf 85' lang='lat' dir='ltr'>hae</span> <span class='ocrx_word' id='word_1_406' title='bbox 942 2437 1102 2472; x_wconf 83' lang='lat' dir='ltr'>formula</span> <span class='ocrx_word' id='word_1_407' title='bbox 1129 2436 1280 2471; x_wconf 89' lang='lat' dir='ltr'>eandem</span> <span class='ocrx_word' id='word_1_408' title='bbox 1304 2437 1412 2481; x_wconf 86' lang='lat' dir='ltr'>plane</span> <span class='ocrx_word' id='word_1_409' title='bbox 1436 2438 1557 2482; x_wconf 86' lang='lat' dir='ltr'>legem</span> <span class='ocrx_word' id='word_1_410' title='bbox 1584 2445 1743 2481; x_wconf 86' lang='lat' dir='ltr'>regnare</span> <span class='ocrx_word' id='word_1_411' title='bbox 1770 2436 2034 2481; x_wconf 86' lang='lat' dir='ltr'>contenderim,</span> <span class='ocrx_word' id='word_1_412' title='bbox 2062 2446 2180 2481; x_wconf 86' lang='lat' dir='ltr'>quam,</span> <span class='ocrx_word' id='word_1_413' title='bbox 2206 2436 2303 2480; x_wconf 85' lang='lat' dir='ltr'>quod</span> <span class='ocrx_word' id='word_1_414' title='bbox 2329 2437 2377 2471; x_wconf 83' lang='lat' dir='ltr'>ad</span> <span class='ocrx_word' id='word_1_415' title='bbox 2403 2447 2527 2481; x_wconf 87' lang='lat' dir='ltr'>praep.</span> <span class='ocrx_word' id='word_1_416' title='bbox 2553 2433 2596 2474; x_wconf 78' lang='grc' dir='ltr'>ἐν</span> 
     </span>
     <span class='ocr_line' id='line_1_35' title="bbox 674 2498 2595 2547; baseline -0.001 -8"><span class='ocrx_word' id='word_1_417' title='bbox 674 2515 782 2539; x_wconf 85' lang='lat' dir='ltr'>usum</span> <span class='ocrx_word' id='word_1_418' title='bbox 810 2504 956 2547; x_wconf 84' lang='lat' dir='ltr'>attinet,</span> <span class='ocrx_word' id='word_1_419' title='bbox 992 2504 1125 2547; x_wconf 89' lang='lat' dir='ltr'>optime</span> <span class='ocrx_word' id='word_1_420' title='bbox 1152 2502 1211 2536; x_wconf 90' lang='lat' dir='ltr'>his</span> <span class='ocrx_word' id='word_1_421' title='bbox 1238 2502 1419 2545; x_wconf 88' lang='lat' dir='ltr'>expressit</span> <span class='ocrx_word' id='word_1_422' title='bbox 1450 2503 1573 2537; x_wconf 84' lang='lat' dir='ltr'>verbis</span> <span class='ocrx_word' id='word_1_423' title='bbox 1598 2502 1835 2544; x_wconf 86' lang='lat' dir='ltr'>Bernhardy:</span> <span class='ocrx_word' id='word_1_424' title='bbox 1871 2500 1935 2536; x_wconf 63' lang='lat' dir='ltr'>‘Die</span> <span class='ocrx_word' id='word_1_425' title='bbox 1962 2499 2093 2545; x_wconf 68' lang='lat' dir='ltr'>§Didytet</span> <span class='ocrx_word' id='word_1_426' title='bbox 2118 2499 2254 2545; x_wconf 68' lang='grc' dir='ltr'>ηᾶηιῐίᾰ)</span> <span class='ocrx_word' id='word_1_427' title='bbox 2289 2499 2378 2544; x_wconf 78' lang='lat' dir='ltr'>(unb</span> <span class='ocrx_word' id='word_1_428' title='bbox 2404 2498 2494 2545; x_wconf 66' lang='lat' dir='ltr'>mobi</span> <span class='ocrx_word' id='word_1_429' title='bbox 2520 2501 2595 2547; x_wconf 74' lang='lat' dir='ltr'>aud&gt;</span> 
     </span>
     <span class='ocr_line' id='line_1_36' title="bbox 673 2564 2595 2613; baseline -0.001 -10"><span class='ocrx_word' id='word_1_430' title='bbox 673 2568 722 2604; x_wconf 74' lang='lat' dir='ltr'>bie</span> <span class='ocrx_word' id='word_1_431' title='bbox 749 2566 937 2613; x_wconf 62' lang='lat' dir='ltr'>ffitofaifet,</span> <span class='ocrx_word' id='word_1_432' title='bbox 972 2567 1020 2603; x_wconf 64' lang='lat' dir='ltr'>bie</span> <span class='ocrx_word' id='word_1_433' title='bbox 1046 2566 1134 2612; x_wconf 66' lang='lat' dir='ltr'>ibtet</span> <span class='ocrx_word' id='word_1_434' title='bbox 1160 2566 1434 2610; x_wconf 61' lang='lat' dir='ltr'>tvtussbructssmcife</span> <span class='ocrx_word' id='word_1_435' title='bbox 1460 2566 1515 2610; x_wconf 71' lang='lat' dir='ltr'>sid)</span> <span class='ocrx_word' id='word_1_436' title='bbox 1543 2566 1785 2612; x_wconf 62' lang='lat' dir='ltr'>angefdyioffeu)</span> <span class='ocrx_word' id='word_1_437' title='bbox 1812 2566 1906 2611; x_wconf 69' lang='grc' dir='ltr'>Ιαῆεη</span> <span class='ocrx_word' id='word_1_438' title='bbox 1946 2565 2030 2610; x_wconf 64' lang='lat' dir='ltr'>bier,</span> <span class='ocrx_word' id='word_1_439' title='bbox 2070 2565 2129 2600; x_wconf 74' lang='lat' dir='ltr'>mie</span> <span class='ocrx_word' id='word_1_440' title='bbox 2164 2565 2200 2601; x_wconf 79' lang='lat' dir='ltr'>in</span> <span class='ocrx_word' id='word_1_441' title='bbox 2239 2567 2361 2600; x_wconf 74' lang='lat' dir='ltr'>anbetn</span> <span class='ocrx_word' id='word_1_442' title='bbox 2400 2564 2515 2607; x_wconf 59' lang='lat' dir='ltr'>&amp;auen</span> <span class='ocrx_word' id='word_1_443' title='bbox 2547 2566 2595 2602; x_wconf 73' lang='lat' dir='ltr'>bie</span> 
     </span>
     <span class='ocr_line' id='line_1_37' title="bbox 674 2628 2594 2678; baseline -0.001 -10"><span class='ocrx_word' id='word_1_444' title='bbox 674 2631 791 2668; x_wconf 76' lang='lat' dir='ltr'>tciumi.</span> <span class='ocrx_word' id='word_1_445' title='bbox 817 2631 1039 2678; x_wconf 67' lang='lat' dir='ltr'>ffiettadytung</span> <span class='ocrx_word' id='word_1_446' title='bbox 1065 2632 1115 2669; x_wconf 67' lang='lat' dir='ltr'>‹11ss</span> <span class='ocrx_word' id='word_1_447' title='bbox 1143 2632 1194 2669; x_wconf 77' lang='lat' dir='ltr'>ein</span> <span class='ocrx_word' id='word_1_448' title='bbox 1222 2630 1462 2678; x_wconf 67' lang='lat' dir='ltr'>abgefonbettess</span> <span class='ocrx_word' id='word_1_449' title='bbox 1491 2631 1647 2670; x_wconf 67' lang='lat' dir='ltr'>‘Diommt</span> <span class='ocrx_word' id='word_1_450' title='bbox 1683 2629 1765 2677; x_wconf 68' lang='lat' dir='ltr'>olyne</span> <span class='ocrx_word' id='word_1_451' title='bbox 1800 2641 1910 2677; x_wconf 75' lang='lat' dir='ltr'>engere</span> <span class='ocrx_word' id='word_1_452' title='bbox 1939 2628 2178 2675; x_wconf 54' lang='lat' dir='ltr'>mettufivfung</span> <span class='ocrx_word' id='word_1_453' title='bbox 2204 2630 2264 2665; x_wconf 82' lang='lat' dir='ltr'>mit</span> <span class='ocrx_word' id='word_1_454' title='bbox 2290 2631 2360 2665; x_wconf 76' lang='lat' dir='ltr'>bem</span> <span class='ocrx_word' id='word_1_455' title='bbox 2385 2632 2497 2667; x_wconf 84' lang='lat' dir='ltr'>verbo</span> <span class='ocrx_word' id='word_1_456' title='bbox 2524 2631 2594 2678; x_wconf 65' lang='lat' dir='ltr'>bet:</span> 
     </span>
     <span class='ocr_line' id='line_1_38' title="bbox 675 2700 847 2734; baseline 0 -1"><span class='ocrx_word' id='word_1_457' title='bbox 675 2700 847 2734; x_wconf 62' lang='lat' dir='ltr'>nottteteu.</span> 
     </span>
    </p>
   </div>
  </div>
 </body>
</html>
