2896 3314
596 234 761 281 XXVI

534 356 673 394 stravit
697 354 918 406 Haitinger.
946 354 1038 391 Act.
1066 350 1225 391 Monac.
1252 349 1304 389 Τ.
1333 349 1416 402 111,
1439 351 1529 390 fasc.
1548 350 1634 391 111.
1647 365 1688 405 p.
1714 353 1804 393 29⁷.
1832 351 1993 394 Talibus
2024 352 2141 406 igitur
2165 354 2208 393 in
2233 352 2328 393 locis
2351 354 2382 394 si
2407 350 2493 393 ood-
2520 352 2580 393 Μ.

534 422 767 460 auctoritate
789 419 885 464 nixi,
908 417 1170 468 suspicionem
1197 415 1247 455 de
1271 416 1430 469 vulgata
1455 430 1617 457 movere
1654 418 1867 470 vellemus,
1906 432 1959 457 ne
1982 418 2133 458 nodum
2158 420 2202 457 in
2225 410 2351 471 scirpo
2376 430 2583 471 quaerem-

538 498 647 535 mus,
670 494 922 534 summopere
946 480 1169 522 verendum
1194 489 1311 531 esset3
1344 490 1384 521 at
1407 489 1541 522 nostro
1565 482 1654 522 loco
1677 483 1869 522 contraria
1892 482 2012 534 plane
2036 483 2185 523 obtinet
2208 484 2320 523 ratio.
2370 482 2475 524 Nam
2500 483 2584 525 sor-

537 550 644 590 mula
670 550 767 587 νοῦν
795 543 903 600 ἔχειν
929 549 1111 600 quamvis
1134 549 1353 600 saepissime
1386 555 1518 587 utatur
1552 546 1857 601 Chaeronensis,
1887 560 2082 600 nusquam
2107 550 2161 588 ita
2186 547 2237 587 id·
2253 549 2364 601 fecit,
2396 557 2442 589 ut
2463 549 2580 589 subst.

539 617 632 654 νοῦν
658 613 782 653 verbo
796 609 903 663 ἔχειν
923 615 1195 665 postposuerit.
1234 613 1284 651 cf.
1297 612 1489 651 Tbemist.
1504 612 1560 652 V.
1589 615 1702 653 νοῦν
1729 613 1816 653 οὐκ
1841 608 1975 663 ἔχειν
2000 611 2284 664 λοιδοροῦντα.
2312 611 2461 653 Coriol.
2480 612 2584 652 ΧΠ.

535 676 678 729 ἔδοξεν
704 671 779 719 οὖν
803 683 889 724 τοῖς
915 679 1034 716 νοῦν
1059 672 1215 726 ἔχουσι.
1252 676 1339 716 Cat.
1360 690 1419 715 m.
1437 676 1487 715 L.
1516 679 1633 716 νοῦν
1659 674 1871 728 ἔχοντος
1895 672 2043 730 ἀνδρὸς
2068 672 2188 717 ἔστιν.
2224 677 2373 716 Aemil.
2388 677 2504 717 Paul.
2525 677 2584 718 X.

536 746 651 783 νοῦν
689 740 886 793 ἔχοντα.
942 740 1065 779 Dion.
1093 740 1178 779 XI.
1207 743 1319 781 νοῦν
1346 736 1526 791 ἔχουσι
1551 739 1808 795 ἀνθρώποις.
1846 739 1957 781 Caes.
1980 739 2200 780 XXVIII.
2222 737 2329 780 ὥστε
2345 737 2444 787 τούς
2468 745 2584 782 νοῦν

537 805 757 857 ἔχοντας
790 804 968 856 ἀγαπᾷν
993 812 1034 843 et
1056 817 1106 856 q.
1140 817 1171 844 s.
1205 818 1239 844 r.
1292 803 1414 860 Quod
1447 807 1563 858 igitur
1595 814 1729 845 nostro
1760 806 1848 845 loco
1880 805 2100 859 suppeditat
2135 804 2293 845 Monac.
2329 803 2417 843 οὐκ
2451 801 2584 854 ἔχειν

539 873 653 911 νοῦν
677 878 752 910 etc.
778 883 854 923 pro
884 870 1032 909 librarii
1063 869 1241 923 vulgaria
1270 872 1448 911 sectantIs
1479 872 1719 911 correctione
1743 871 1878 912 haberi
1907 873 2057 924 nequit,
2079 892 2129 899 —
2154 872 2282 910 immo
2306 871 2373 910 vix
2397 882 2465 910 me
2490 883 2588 910 con-

484 943 487 946 ’
538 940 668 989 tineo,
706 938 803 990 quin
826 936 902 975 hac
932 936 1102 975 lectione
1126 948 1264 975 veram
1288 938 1484 989 scriptofis
1507 949 1673 978 manum
1696 951 1720 976 a
1743 936 1901 977 Monac.
1927 944 2123 977 servatam
2156 949 2236 977 esse
2261 949 2439 976 censeam
2452 964 2464 988 ,
2487 928 2588 974 Plu-

538 1003 819 1055 tarchumque,
852 1002 1123 1042 concinnitatis
1147 1001 1275 1041 studio
1301 1001 1484 1053 ductum,
1522 1017 1614 1042 cum
1640 1003 1774 1055 paullo
1798 1011 1890 1042 ante
1915 1001 2088 1042 Caesaris
2110 1004 2257 1041 amicos
2283 1001 2452 1040 dicentes
2476 1001 2589 1040 secis-

541 1078 618 1108 set:
655 1066 714 1114 ὠς
750 1067 825 1107 οὐκ
859 1063 950 1117 ἔχοι
982 1064 1108 1116 λόγον
1141 1073 1238 1117 etc.,
1272 1079 1351 1119 quo
1389 1079 1488 1119 quae
1516 1065 1632 1107 Sulla
1662 1070 1745 1119 jam
1780 1067 1950 1107 dicturus
1974 1074 2091 1118 esset,
2126 1066 2177 1106 ad
2210 1067 2396 1106 amussim
2424 1078 2588 1118 respon-

544 1134 683 1172 derent
716 1132 1012 1184 deprecantium
1043 1132 1204 1170 illorum
1237 1133 1425 1183 orationi,
1467 1140 1584 1184 atque
1618 1134 1713 1173 νοῦν
1752 1132 1851 1171 illud
1877 1144 2021 1185 magna
2056 1145 2148 1172 cum
2181 1134 2286 1171 vocis
2318 1139 2435 1182 atque
2459 1143 2589 1170 sensus

542 1199 737 1250 ἐναργείᾳ
751 1196 975 1236 efferretur:
997 1195 1212 1236 verborum
1226 1197 1404 1236 ordinem
1419 1198 1604 1236 usitatum
1617 1199 1840 1236 immutasse
1864 1197 2101 1248 paullulum,
2122 1204 2240 1248 atque
2264 1209 2288 1234 a
2313 1196 2470 1247 vulgata
2493 1195 2590 1233 haec

542 1261 773 1312 disponendi
798 1261 951 1297 ratione
983 1258 1182 1298 deflexisse
1212 1268 1362 1311 putem.
1413 1260 1522 1313 Quid
1547 1260 1765 1311 voluerim,
1799 1260 1894 1300 haec
1917 1263 1949 1299 si
1974 1261 2072 1299 forte
2096 1262 2227 1300 minus
2250 1260 2450 1312 perspicua
2479 1258 2589 1298 vide-

544 1325 702 1375 buntur,
725 1325 876 1375 optime
900 1324 1059 1373 sentIes,
1084 1325 1117 1362 si
1143 1325 1237 1361 νοῦν
1263 1322 1362 1361 illud
1388 1335 1486 1362 voce
1510 1324 1660 1362 intenta
1686 1325 2017 1374 pronunciaverIs.

664 1402 711 1441 εἰ
746 1399 808 1455 μή
846 1398 1073 1446 πολλοὺς
1108 1400 1156 1440 ἐν
1189 1402 1254 1448 τῷ
1290 1399 1442 1438 παιδὶ
1468 1398 1635 1448 τούτῳ
1666 1398 1911 1453 Μαρίους
1944 1400 2202 1452 ἐνορῶσιν.
2262 1402 2354 1440 Huc
2379 1403 2589 1458 pertinent,

544 1480 645 1519 quae
671 1466 858 1505 Bremius
886 1464 937 1503 ad
959 1463 1129 1504 Sueton.
1155 1463 1175 1502 1
1204 1465 1398 1515 exposuit:
1450 1463 1556 1510 „512oe
1582 1463 1700 1514 eigene
1726 1464 1844 1505 &lame
1871 1463 1959 1504 mitb
1984 1464 2103 1515 gestat
2128 1475 2189 1505 um
2214 1466 2280 1505 ben
2296 1464 2510 1514 §bat-atter„
2535 1464 2591 1504 bie

545 1530 746 1572 metticae·
770 1531 845 1569 unb
873 1530 1156 1578 banbetnsart,
1182 1528 1260 1576 {urg
1287 1530 1356 1567 bas
1383 1526 1687 1578 &igentbitmlidye
1712 1530 1771 1568 bet
1796 1527 1935 1578 mersen
1962 1528 2232 1578 ausgubrficreu.
2267 1530 2339 1580 (cf.
2369 1528 2419 1571 G.
2445 1530 2519 1570 Ph.
2544 1530 2591 1570 Ε.

546 1596 735 1648 Wagner
762 1596 1007 1647 quaestiones
1031 1593 1145 1645 Vir-g·
1173 1591 1315 1644 XVII,
1337 1607 1377 1644 p.
1402 1594 1500 1631 451:
1525 1592 1717 1638 ‘Utimur
1740 1602 1874 1633 autem
1899 1593 2123 1633 nominibus
2148 1596 2213 1646 sic,
2238 1603 2285 1633 ut
2310 1603 2377 1633 aut
2401 1595 2591 1647 simplici-

544 1670 605 1700 ter
638 1668 786 1699 certam
821 1657 1020 1711 quandam
1053 1657 1120 1697 vel
1144 1670 1232 1695 rem
1258 1656 1324 1695 vel
1349 1669 1558 1708 personam
1585 1656 1840 1709 declaremus,
1863 1678 1912 1685 —
1939 1666 2007 1697 aut
2028 1659 2113 1698 vim
2146 1671 2192 1698 ac
2214 1666 2396 1698 naturam
2422 1661 2504 1712 ejus
2529 1662 2595 1699 vel

542 1729 621 1777 rei,
655 1725 722 1765 vel
746 1736 957 1776 personae,
993 1735 1094 1774 quae
1120 1729 1226 1760 certo
1260 1721 1392 1771 aliquo
1426 1722 1589 1758 nomine
1615 1721 1859 1772 designatur,
1897 1723 2281 1773 complectamur.⁹).
2330 1722 2452 1761 Multi
2477 1722 2593 1763 Marii

542 1786 726 1838 (πολλοὶ
755 1785 946 1839 Μάριοι)
979 1786 1021 1829 ist
1047 1784 1123 1832 <1150
1160 1783 1308 1830 tropifd)
1334 1785 1417 1829 δεῖ,
1457 1783 1603 1828 metam
1636 1784 1705 1822 bas
1733 1783 2062 1832 §baraftetistisd'e
2094 1787 2157 1824 δοῦ
2184 1785 2366 1831 mintius,
2393 1786 2448 1826 bie
2473 1786 2594 1836 &adn

542 1852 723 1899 ιιῑιιπῐίά),
758 1851 823 1900 fid)
857 1849 963 1897 buret)
988 1848 1043 1887 bie
1069 1847 1327 1896 §noussenrtbei
1353 1857 1394 1895 3¹1
1420 1847 1555 1896 beben,
1592 1846 1631 1886 in
1668 1845 1744 1895 febr
1770 1847 1947 1896 erbbbtem
1973 1848 2101 1889 &tabe
2136 1850 2287 1897 befistst
2337 1850 2489 1889 Eadem
2513 1853 2594 1891 sere

545 1916 766 1957 Casaubon.
791 1914 843 1953 ad
868 1912 1039 1952 eundem
1065 1913 1105 1950 h.
1130 1912 1180 1963 1.,
1214 1924 1430 1963 provocans
1455 1912 1523 1951 ille
1549 1910 1600 1951 ad
1626 1910 1771 1963 Vellej.
1799 1910 1869 1961 II,
1903 1913 1974 1962 18,
1997 1911 2085 1951 ubi:
2122 1911 2383 1967 Mithridates,
2409 1914 2595 1956 Ponticus

547 1995 616 2020 rex
641 2002 693 2012 —
718 1978 813 2018 odio
839 1980 883 2017 in
905 1977 1109 2016 Romanos
1133 1980 1338 2017 Hannibal.
1388 1975 1518 2016 Cseras
1543 1983 1742 2030 praeterea
1767 1974 1943 2028 Appian.
1966 1974 2167 2031 Ῥωμαικ.
2195 1976 2348 2031 ἑμφὺλ.
2384 1978 2472 2019 Lib.
2498 1980 2530 2031 1,
2555 1995 2594 2033 p.

546 2048 623 2085 421
651 2045 702 2083 de
728 2043 928 2084 Sertorio:
965 2039 1066 2082 ὅθεν
1092 2040 1221 2081 αὑτὸν
1247 2042 1316 2081 καὶ
1344 2042 1384 2079 οἱ
1410 2040 1665 2094 Κελτίβηρες
1689 2037 1759 2078 διά
1786 2038 1859 2092 τήν
1885 2044 2136 2092 ταχυεργίαν
2162 2040 2335 2081 ἐκάλουν
2360 2043 2592 2089 Ἀννίβαν

545 2120 585 2150 et
609 2124 645 2149 a.
671 2110 726 2160 pl.
752 2129 803 2136 —
841 2106 905 2145 De
939 2106 1061 2145 verbo
1085 2105 1233 2158 ἐνορᾷν
1268 2104 1389 2145 modo
1413 2106 1486 2144 soli
1516 2105 1649 2144 dativo
1686 2104 1899 2156 adstructo,
1935 2105 2055 2144 modo
2080 2107 2135 2144 ita
2159 2109 2299 2158 posito,
2323 2115 2368 2146 ut
2393 2106 2434 2146 ὲν
2461 2121 2592 2161 praep.

545 2179 719 2225 iteretur,
745 2171 861 2211 adeas
886 2178 1038 2223 praeter
1061 2169 1281 2223 WVyttenb.
1310 2170 1451 2210 Moral.
1476 2170 1525 2211 Τ.
1554 2169 1620 2221 11,
1643 2171 1737 2219 891,
1760 2169 1937 2222 Haiting.
1962 2169 2053 2209 Act.
2077 2169 2234 2210 Monac.
2260 2171 2355 2222 111,
2379 2174 2417 2224 2,
2443 2186 2482 2225 p.
2509 2176 2595 2224 165,

549 2242 617 2292 qui
645 2240 778 2278 locum
805 2245 940 2276 nostro
972 2237 1089 2288 plane
1113 2237 1317 2288 geminum
1349 2236 1478 2275 attulit
1512 2250 1560 2275 ex
1584 2234 1762 2274 Demetr.
1788 2234 1907 2275 LXI:
1944 2235 2013 2273 καὶ
2047 2233 2223 2282 πολλοῖς
2258 2233 2375 2290 ἐπῄει
2403 2235 2531 2287 λέγειν
2559 2252 2593 2278 τ.

554 2301 812 2343 Μακεδόνων
839 2299 897 2349 ὠς
923 2300 972 2339 ὲν
998 2298 1134 2348 μόνῳ
1161 2299 1325 2349 τούτῳ
1352 2303 1433 2341 τῶν
1459 2297 1669 2346 βασιλέων
1695 2299 1863 2354 (Pyrrh.
1886 2298 2055 2350 scilicet)
2081 2295 2252 2340 εἴδωλον
2277 2299 2498 2355 ἐνορῷτο
2525 2307 2596 2355 τῆς

548 2364 825 2418 Ἀλεξάνδρου
852 2363 1023 2417 τόλμης.

680 2443 885 2498 Ταύτης
913 2447 1001 2498 τῆς
1027 2445 1197 2497 φωνῆς
1224 2444 1515 2498 ἐνεχθείσης
1540 2445 1668 2496 πρὸς
1692 2444 1952 2499 Καίσαρα.
2003 2446 2390 2498 Ἀνενεχθείσης
2416 2445 2517 2486 eod.
2537 2446 2593 2485 Μ.

550 2512 782 2561 lectionem,
807 2521 906 2561 quae
933 2507 1147 2548 Schaefero
1172 2507 1317 2560 placet,
1342 2510 1524 2562 equIdem
1550 2511 1681 2562 alteri,
1712 2510 1771 2549 nil
1796 2518 2015 2561 cunctatus,
2039 2511 2305 2562 praetulerim.
2355 2510 2461 2549 Cum
2487 2502 2592 2550 enim

551 2575 665 2626 pauci
690 2574 749 2612 illi
774 2573 913 2622 (ἐνίων
941 2571 1178 2624 λεγόντων),
1204 2585 1300 2624 quos
1324 2583 1474 2625 praeter
1499 2576 1698 2628 virginum
1725 2573 1944 2614 Vestalium
1971 2576 2252 2615 sanctissimum
2278 2573 2457 2613 ordinem
2483 2575 2595 2615 fuisse

551 2639 800 2677 Mamercum
828 2637 980 2676 Aemil.
1008 2645 1047 2675 et
1072 2637 1287 2676 Aurelium
1314 2637 1492 2691 Cottam,
1528 2642 1634 2679 viros
1668 2641 1905 2692 propinquos
1931 2638 2088 2679 caesari
2121 2647 2159 2678 et
2184 2637 2340 2690 affines,
2378 2637 2545 2679 Sueton.
2572 2641 2593 2679 I

550 2712 693 2754 narrat,
719 2702 893 2743 Caesaris
918 2701 1121 2742 voluntate
1147 2710 1264 2753 atque
1289 2710 1427 2755 rogatu
1453 2704 1502 2743 de
1528 2708 1643 2745 venia
1668 2708 1741 2757 ipsi
1767 2704 2014 2745 concedenda
2040 2717 2131 2743 cum
2157 2702 2266 2742 Sulla
2292 2706 2441 2756 egerint
2467 2705 2598 2756 (quod
