2895 3341
2138 240 2303 289 XXX!

313 361 400 414 pari
425 360 594 402 dubitari
614 360 770 413 nequit;
796 360 844 400 cl.
871 358 1024 400 Buttm.
1049 358 1097 412 1,
1120 357 1154 411 §-
1180 362 1243 401 56.
1293 359 1435 401 Matth.
1459 359 1492 412 s.
1518 362 1588 413 91,
1623 363 1660 400 1.
1692 382 1737 390 —
1778 360 1965 415 Reponas
1997 362 2116 414 igitur
2142 360 2364 417 Νικομήδη

313 435 449 467 auctor
472 439 575 466 sum.

436 488 558 543 Περὶ
585 487 670 544 τήν
696 490 1117 543 Φαρμακοῦσσαν
1149 492 1310 545 νῆσον.
1352 488 1460 530 Edit.
1490 488 1652 542 Reisk„
1676 490 1813 543 Hutt.‚
1838 493 2011 547 Bryant:
2037 493 2363 547 Φαρμακοῦσαν.

313 554 449 598 corais
467 555 618 609 primus
636 554 763 607 dedit,
784 553 891 608 quod
909 561 966 596 est
984 556 1027 599 in
1045 555 1247 608 lemmate,
1267 554 1455 597 adnotans
1477 554 1637 595 haecce:
1656 555 1989 612 Φαρμακοῦσσαν
2002 554 2048 607 ἐξ
2063 555 2157 604 ΗΔ,
2171 553 2195 594 ὁ
2212 552 2363 596 διπλα-

314 619 489 674 σιασμὸς
513 622 589 661 τοῦ
614 631 639 661 σ
653 632 663 642 ·
690 616 776 659 ἔστι
794 616 876 671 ’γάρ
901 618 1022 673 παρά
1048 617 1098 661 τὸ
1118 620 1514 675 Φαρμακόεσσα.
1542 616 1671 666 Οὕτω
1689 618 1733 661 δὲ
1752 618 1960 672 γράφεται
1974 625 2043 662 καὶ
2057 619 2175 674 παρά
2196 623 2257 669 τῴ
2277 619 2364 659 Βυ-

312 682 468 733 ζαντίῳ
486 685 707 738 Στεφάνῳ,
722 681 769 733 ὂς
785 681 903 738 παρά
921 682 1078 739 ταύτην
1093 683 1169 740 τήν
1188 682 1294 739 ὑπὲρ
1313 683 1509 739 Μίλητον
1528 682 1711 739 κειμένην
1726 685 2064 740 Φαρμακοῦσσαν
2086 689 2207 740 νῆσον
2220 683 2271 738 (ἢ
2288 700 2361 725 τα-

312 749 383 789 νῦν
408 748 615 805 Φαρμάκο
641 749 854 801 καλεῖται)
878 750 947 790 καὶ
967 747 1113 803 ἑτέρας
1144 748 1237 799 δύο,
1260 748 1336 800 τὰς
1360 746 1466 803 πρὸς
1490 751 1544 805 τῇ
1573 747 1778 794 Σαλαμῖνι
1803 748 2008 804 κειμένας,
2026 751 2363 805 Φαρμακοῦσσας

316 814 416 866 φησὶ
441 813 673 854 καλεῖσθαι.
700 813 932 861 Πολύαινος
957 813 1003 855 δὲ
1031 814 1315 868 (Στρατηγημ.
1330 814 1394 865 11,
1417 815 1475 863 κγ’
1499 817 1538 866 5,
1563 812 1647 853 σελ.
1660 814 1758 864 264)
1785 814 1834 854 οὐ
1862 816 1956 867 περὶ
1982 812 2056 867 τήν
2081 815 2366 866 Φαρμακοῦσ-

317 886 394 916 σαν
418 876 579 918 ἀλῶναι
602 875 676 919 τὸν
700 876 905 934 Καίσαρα
931 879 1069 933 φησὶν,
1092 875 1204 919 ἀλλὰ
1229 879 1326 932 περὶ
1349 894 1386 919 τ.
1412 876 1619 930 Μαλέαν,
1643 873 1733 919 εἷτα
1758 877 2047 930 κατασχόντας
2071 876 2169 924 τούς
2193 874 2366 924 ἑλόντας

315 940 471 997 λῃστάς
494 943 554 992 εἰς
565 940 773 997 Μίλητον,
797 945 945 995 τειχῶν
971 939 1055 993 ἔξω
1080 942 1650 1001 προσορμίσασθαι.-Ωιιοᾶ
1674 943 1723 983 ad
1748 943 1940 984 scribendi
1964 946 2157 983 rationem
2183 944 2226 982 in
2249 943 2364 982 simi-

314 1007 414 1047 Hbus
436 1008 665 1048 nominibus
689 1007 972 1058 (Σκοτοῦσσα,
998 1007 1287 1061 Ἀργινοῦσσα)
1313 1008 1611 1060 observandam,
1635 1009 1683 1047 cil
1707 1007 1858 1047 Schaef.
1886 1009 2018 1047 adnot.
2047 1009 2097 1047 ad
2123 1009 2229 1047 Plut.
2243 1008 2362 1045 Tom.

314 1070 350 1127 1,
374 1084 415 1127 p.
443 1074 539 1122 420,
565 1084 608 1115 v.
634 1073 702 1114 30.
744 1072 869 1115 Bahr.
892 1072 944 1114 ad
967 1072 1076 1116 Plut.
1104 1073 1277 1115 Flamin.
1300 1071 1399 1128 vn,
1423 1085 1465 1128 p.
1491 1074 1556 1115 95.
1583 1071 1693 1113 Held
1720 1072 1869 1113 Aemil.
1906 1072 2034 1113 Paull.
2061 1071 2181 1125 vlu,
2205 1085 2245 1126 p.
2278 1073 2363 1111 168.

313 1138 567 1177 —Ceterum
591 1140 824 1189 notandum,
834 1140 1050 1178 insularum
1071 1141 1248 1190 nomina,
1260 1142 1405 1190 pariter
1429 1148 1547 1191 atque
1571 1140 1803 1190 fluviorum,
1827 1153 1918 1177 cum
1947 1142 2104 1190 proprie
2130 1141 2205 1176 sint
2230 1139 2363 1188 adjec—

313 1205 408 1255 tiva,
431 1217 582 1244 nomen
605 1203 888 1256 appellativum
912 1206 1035 1257 νῆσος
1058 1204 1128 1244 ubi
1152 1204 1336 1255 addatur,
1359 1204 1434 1244 hoc
1458 1206 1560 1244 inter
1582 1213 1622 1244 et
1647 1205 1855 1244 articulum
1882 1204 2077 1244 collocari.

436 1264 532 1321 ἤδη
560 1265 688 1308 τότε.
729 1267 793 1308 De
818 1269 968 1321 origine
990 1275 1108 1321 atque
1133 1269 1385 1310 incrementis
1409 1270 1606 1323 potentiae
1622 1270 1834 1322 piratarum
1860 1269 1908 1308 cs.
1935 1276 2087 1321 praeter
2098 1267 2204 1306 Plut.
2220 1267 2360 1320 Pomp.

313 1330 468 1371 XXIV
492 1339 533 1371 et
556 1331 701 1385 XXV,
724 1332 897 1385 Appian.
928 1329 1145 1385 Ῥωμαικά
1170 1346 1211 1384 p.
1237 1323 1338 1372 233:
1366 1331 1697 1387 Μιθριδάτῃς-
1724 1331 1950 1385 ἡγούμενος
1977 1333 2050 1374 οὐκ
2078 1333 2120 1378 ἐς
2145 1330 2255 1370 πολύ
2283 1346 2360 1370 κα-

311 1392 451 1444 θέξειν
475 1400 547 1450 τῆς
569 1395 731 1444 Ἀσίας,
762 1395 816 1436 τά
842 1409 886 1434 τε
910 1393 1024 1436 ἄλλα
1048 1394 1290 1450 ἐλυμαίνετο
1315 1395 1479 1448 πάντα,
1504 1398 1573 1434 καὶ
1600 1397 1658 1443 εἰς
1683 1410 1718 1434 τ.
1748 1395 1970 1435 θάλατταν
1998 1394 2198 1447 πειρατὰς
2223 1399 2359 1449 καθῆ-

314 1472 396 1506 κεν,
432 1459 476 1499 οἳ
498 1456 545 1500 τὸ
571 1458 648 1512 μὲν
673 1462 837 1512 πρῶτον
870 1458 1063 1509 ὀλίγοις
1097 1457 1320 1513 σκάφεσι
1340 1462 1410 1500 καὶ
1444 1464 1643 1514 μικροῖς
1669 1456 1739 1498 οἷα
1767 1457 1915 1511 λῃσταὶ
1942 1458 2234 1512 περιπλέοντες
2261 1458 2358 1499 ἐλυ-

317 1532 441 1563 πουν·
468 1520 527 1570 ὠς
551 1519 596 1565 δὲ
624 1520 648 1563 ὁ
674 1520 861 1577 πόλεμος
885 1520 1100 1577 ἐμηνύετο,
1125 1520 1361 1572 πλείονες
1386 1523 1568 1574 ἐγίνοντο
1593 1523 1662 1562 καὶ
1687 1524 1832 1563 ναυσὶ
1860 1521 2109 1576 μεγάλαις
2135 1521 2361 1564 ἐπέπλεον·

315 1586 557 1641 γευσάμενοι
584 1584 630 1628 δὲ
655 1587 810 1640 κερδῶν
835 1586 1047 1641 μεγάλων,
1073 1586 1161 1629 0235'
1186 1585 1424 1642 ἡττωμένου
1449 1587 1520 1625 καὶ
1548 1586 1827 1641 σπενδομὲνου
1853 1589 1922 1626 καὶ
1943 1587 2265 1640 ἀναχωροῦντος
2289 1592 2360 1627 τοῦ

319 1648 592 1705 Μιθριδάτου
618 1648 678 1694 ἔτι
704 1651 930 1695 ἐπαύοντο.
959 1675 1010 1682 -
1045 1649 1189 1694 Ιίατέ
1199 1662 1303 1704 χειν
1328 1664 1364 1691 τ.
1393 1650 1690 1699 θάλατταν,
1723 1653 1893 1692 formula
1918 1653 2091 1705 legitima
2117 1653 2166 1691 de
2190 1654 2361 1704 imperio

318 1719 516 1758 maritimo
543 1718 833 1760 cfiThem.1V.
857 1720 928 1758 καὶ
953 1723 1192 1769 κατεῖχον
1217 1718 1259 1757 οἱ
1284 1715 1498 1770 Αἰγινῆται
1522 1714 1677 1770 πλήθει
1704 1720 1803 1756 νεών
1829 1730 1863 1756 τ.
1884 1714 2111 1758 θάλατταν
2131 1725 2291 1756 etc-etc.

436 1858 533 1898 Jam
565 1871 660 1898 vero
695 1860 760 1898 vel
799 1859 854 1898 sic
878 1865 1038 1898 statutos
1060 1857 1153 1896 huit:
1177 1856 1475 1909 scriptiunculae
1498 1856 1596 1897 fines
1628 1859 1792 1910 egressi,
1829 1870 1880 1896 ne
1914 1858 2067 1910 longius
2103 1858 2358 1910 procedamus

315 1939 408 1964 cum
435 1938 693 1976 moneamur,
725 1923 775 1963 ad
803 1923 844 1963 id
868 1923 1158 1976 properandum
1186 1932 1263 1974 est,
1300 1924 1406 1975 cujus
1439 1936 1570 1963 caussa
1593 1922 1690 1963 haec
1716 1924 1999 1976 qualiacunque
2023 1937 2155 1963 sumus
2181 1923 2355 1974 praefati.

316 1989 453 2028 Rediit
478 1990 587 2029 enim
612 1989 726 2028 festus
752 1982 819 2027 ille
843 1988 937 2042 dies,
961 2001 1040 2041 quo
1064 1989 1194 2040 campi
1218 1987 1357 2027 sudore
1382 1994 1501 2039 atque
1525 1988 1689 2040 pulvere
1715 1988 1901 2039 absterso,
1926 1987 2039 2027 nitidi
2061 1990 2245 2041 juventa,
2268 2001 2358 2027 suo-

316 2066 499 2106 cessuque
534 2054 624 2092 laeti
656 2056 699 2091 in
731 2053 860 2091 lucem
901 2061 1071 2092 vestram
1108 2053 1265 2105 prodire
1297 2053 1424 2092 solent
1456 2053 1751 2105 adolescentuli,
1791 2055 1930 2105 quibus
1962 2055 2143 2092 v1ctoriae
2180 2054 2355 2105 palmam

315 2119 572 2160 decreverunt
596 2126 874 2171 praeceptores.
923 2117 1142 2170 ltaque
1174 2117 1243 2159 ut
1267 2127 1393 2169 vos,
1421 2116 1527 2169 qui
1553 2127 1785 2161 summo
1811 2117 2000 2171 Regis
2025 2117 2092 2160 in
2116 2117 2353 2160 Palati-

316 2185 466 2225 nam
491 2181 763 2236 proeestis
789 2180 1063 2240 consilio,
1088 2180 1206 2223 viri
1231 2179 1617 2239 nobilissimi,
1644 2181 2026 2239 amplissimi,
2054 2182 2353 2224 excellen-

314 2247 550 2305 tiss1mi,
577 2246 966 2291 ecelesiarum
1002 2248 1266 2290 rectores
1300 2257 1530 2290 summe
1550 2247 1888 2307 reverendi,
1915 2246 2172 2291 militum
2195 2258 2353 2301 1¹1·oe-

316 2312 460 2357 feeti
493 2314 677 2366 atque
711 2313 990 2356 ductores
1016 2310 1356 2369 fortissimi,
1397 2311 1834 2366 discipulorum
1866 2315 2210 2356 nostrorum
2242 2323 2353 2367 pa-

316 2381 520 2422 rentes
560 2380 744 2431 atque
781 2381 1011 2421 tutores
1048 2376 1495 2433 spectatissimi,
1540 2381 1834 2432 quotquot
1873 2378 2134 2430 denique
2170 2380 2354 2422 rebus

316 2443 540 2488 nostris
569 2442 789 2487 favetis
822 2445 1005 2496 atque
1029 2441 1276 2498 cupitis,
1311 2441 1661 2496 frequentes
1687 2446 1898 2488 adesse
1924 2443 2152 2497 velitis,
2194 2455 2353 2497 121·oe-

315 2508 513 2553 sentia
528 2510 751 2558 vestra.
777 2519 930 2562 quos
950 2520 1138 2564 supra
1153 2508 1478 2553 indiximus
1498 2511 1670 2553 aetus
1688 2511 1968 2553 solennes
1988 2510 2352 2554 condecora-

316 2574 467 2633 turi,
499 2573 662 2619 omni
695 2584 819 2628 qna
852 2575 1021 2618 decet
1053 2573 1436 2618 observantia
1467 2585 1811 2629 quaesumus
1836 2578 2021 2628 atque
2047 2585 2352 2630 rogamus.

2012 2661 2048 2701 ⁸.
