2888 3347
538 226 629 273 ΧΠ

478 345 717 386 necessitudo
745 346 860 386 Marii
888 353 981 385 erat.
1033 349 1228 397 Xylander
1253 343 1437 395 ambigue
1460 344 1568 383 satis:
1604 344 1731 385 Causa
1766 356 1899 385 autem
1926 346 2080 385 Caesari
2112 347 2405 385 inimicitiarum
2435 357 2525 385 cum

479 410 588 465 Sylla
614 412 687 450 suit
712 418 784 449 etc.

602 491 696 529 Jam
724 490 764 528 id
789 491 993 527 neminem
1018 490 1165 542 fugiet,
1191 503 1290 542 quae
1314 503 1428 543 supra
1454 490 1504 529 de
1528 490 1681 530 verbor.
1740 489 1979 543 Κορνηλίαν
1996 513 2044 520 —-
2072 489 2291 541 Καίσαρος
2314 504 2425 531 sensu
2451 490 2529 529 dis-

482 557 717 606 putavimus,
740 556 770 593 si
798 567 890 593 vera
911 562 1014 606 sunt,
1038 568 1089 593 ne
1108 555 1176 593 has
1194 554 1353 607 quidem
1377 557 1590 595 sententiae
1615 567 1729 607 supra
1751 554 1964 608 adscriptae
1989 557 2326 609 interpretationes
2341 571 2414 609 pro
2432 559 2531 596 veris

482 620 649 671 amplius
676 632 756 658 esse
780 619 989 658 habendas.
1040 620 1089 658 In
1123 619 1438 672 praecedentibus
1472 622 1580 658 enim
1617 633 1717 672 quae
1743 634 1765 659 a
1791 619 1906 674 Sylla
1941 621 1984 658 in
2011 620 2219 660 Caesarem
2244 620 2345 659 sacta
2374 634 2531 661 memo-

483 691 641 735 rantur,
665 698 757 723 cum
784 684 888 722 haud
915 684 1032 723 dubie
1057 685 1238 724 infestum
1265 694 1380 736 atque
1406 684 1587 723 hostilem
1614 685 1729 738 hujus
1752 686 1829 725 viri
1854 686 1896 724 in
1924 681 2131 724 Caesarem
2158 686 2337 724 animum
2363 685 2530 737 prodant

484 756 602 801 atque
627 757 833 800 testentur,
863 751 915 786 ita
942 749 999 787 nil
1025 751 1071 788 iis
1094 751 1213 801 inest,
1247 763 1325 801 quo
1351 758 1419 789 aut
1444 758 1576 801 aperte
1602 750 1837 802 declaretur,
1863 749 1954 788 odio
1981 748 2189 788 Caesarem
2215 752 2257 789 in
2281 746 2432 803 Syllam
2458 750 2533 790 fla-

485 827 630 866 grasse,
666 822 732 852 aut
761 816 946 851 innuatur
969 814 1118 852 saltem.
1172 813 1422 853 Sententiam
1449 828 1563 867 vere,
1600 815 1649 854 ad
1676 817 1783 866 cujus
1807 828 1964 855 sensum
1990 813 2305 866 investigandum
2328 815 2411 866 jam
2438 830 2533 866 pro-

486 881 676 927 cessimus,
688 892 735 915 eo
750 878 923 916 additam
938 891 1017 916 csse
1030 879 1213 930 consilio,
1238 887 1281 917 ut
1306 893 1461 931 rerum,
1494 881 1535 918 in
1563 879 1822 932 superloribus
1846 887 2120 918 enarratamm
2148 891 2301 919 caussae
2326 892 2536 931 cognosce-

483 950 617 982 rentur
654 950 694 981 et
733 945 841 994 quasi
873 942 1121 995 patefierent,
1158 953 1196 983 et
1223 944 1343 983 αἰτία
1370 944 1504 984 vocab.
1531 946 1571 982 in
1598 947 1811 983 sententiae
1837 946 2028 994 principio
2054 956 2196 995 magna
2222 956 2313 982 cum
2339 941 2532 996 ἐναργείᾳ

483 1010 670 1059 positum,
696 1015 735 1045 et
761 1008 943 1046 articulus
963 1007 1177 1058 ἀπεχθεία
1200 1011 1286 1047 voci
1313 1008 1477 1061 additus,
1501 1010 1590 1048 satis
1612 1023 1804 1061 superque
1823 1011 2022 1047 evincunt.
2074 1007 2391 1059 Exspectandum
2417 1010 2536 1058 igitur

484 1080 589 1122 erat,
615 1080 659 1109 ut
683 1074 767 1123 jam
794 1072 841 1110 de
868 1075 1006 1110 caussis
1032 1071 1174 1111 fiamus
1200 1075 1401 1126 certiores,
1434 1087 1535 1126 quae
1559 1072 1712 1128 Syllam
1737 1075 1871 1115 animo
1898 1081 1979 1112 tam
2006 1085 2148 1125 parum
2174 1072 2327 1125 placato
2350 1080 2395 1111 ut
2419 1072 2536 1111 suerit

487 1137 529 1176 in
556 1135 765 1176 Caesarem
790 1136 1048 1188 adduxerint,
1071 1151 1162 1176 cum
1189 1152 1235 1176 ex
1263 1139 1414 1190 vulgari
1439 1139 1553 1190 hujus
1577 1140 1653 1178 loci
1679 1140 1934 1191 explicatione
1960 1138 2215 1177 Plutarchum
2242 1138 2282 1177 id
2307 1137 2538 1177 haberemus

492 1211 689 1254 agentem,
709 1211 914 1241 utcaussas
938 1202 1050 1241 nobis
1075 1203 1281 1254 explicaret
1307 1207 1377 1255 rei,
1401 1217 1521 1254 quam
1547 1205 1627 1255 ipse
1651 1204 1849 1255 hucusque
1873 1217 1926 1242 ne
1940 1203 2059 1242 verbo
2086 1202 2244 1254 quidem
2260 1204 2404 1254 tetigit3
2433 1202 2537 1254 quod

490 1281 584 1304 eum
609 1280 652 1304 re
679 1280 770 1304 vera
797 1270 936 1318 egisse,
969 1267 1009 1303 id
1038 1267 1196 1318 quidem
1225 1267 1354 1307 credat
1379 1267 1557 1309 Judaeus
1582 1268 1737 1322 Apella.
1763 1291 1813 1298 —
1851 1267 1919 1309 En
1946 1267 2074 1319 vides,
2107 1266 2201 1320 quid
2227 1270 2369 1319 egeris!
2407 1271 2535 1319 priora

490 1335 632 1370 intacta
658 1334 689 1369 si
714 1333 951 1381 reliquisses,
986 1345 1094 1368 nunc
1119 1345 1200 1368 non
1227 1333 1436 1370 laborares!
1488 1334 1548 1369 At
1574 1335 1692 1370 etiam
1717 1335 1772 1370 sic
1796 1333 1861 1370 vel
1887 1335 2060 1370 maxime
2084 1332 2329 1378 laborarem3
2367 1345 2462 1371 nam
2487 1345 2538 1371 ne

488 1398 540 1433 sic
566 1394 725 1446 quidem
754 1395 882 1434 verbis
908 1394 984 1432 illis
1008 1408 1123 1446 saepe
1148 1394 1312 1433 laudatis
1337 1394 1418 1433 ulla
1436 1393 1609 1435 Caesaris
1634 1397 1675 1435 in
1689 1394 1848 1448 Syllam
1875 1395 1955 1433 odii
1981 1398 2078 1434 inest
2092 1399 2255 1447 mentio,
2269 1396 2374 1448 quod
2394 1409 2537 1448 quam-

489 1474 583 1499 nam
609 1460 659 1497 ob
686 1473 771 1498 rem
800 1467 1034 1511 conceptum
1061 1460 1177 1498 suerit
1205 1461 1337 1511 quaeri
1365 1462 1494 1511 possit.
1544 1458 1666 1514 Quod
1697 1463 1805 1499 enim
1828 1458 1974 1500 Caesar
2003 1474 2166 1498 uxorem
2191 1473 2303 1499 suam
2331 1469 2374 1498 ut
2402 1461 2539 1499 dimit-

490 1534 590 1564 teret
615 1525 799 1575 compelli
826 1525 938 1562 nullo
965 1524 1085 1561 modo
1110 1527 1261 1574 potuit,
1285 1524 1428 1562 sortem
1454 1537 1561 1577 sane,
1584 1526 1890 1577 imperterritum
1918 1533 2033 1577 atque
2059 1533 2299 1565 constantem
2333 1524 2405 1565 hac
2429 1528 2471 1565 in
2497 1540 2540 1565 re

494 1590 676 1643 probavit
710 1592 910 1640 animum,
952 1589 1078 1627 infesti
1113 1599 1229 1640 atque
1269 1592 1310 1628 in
1345 1589 1505 1642 Syllam
1541 1592 1629 1629 irati
1665 1589 1849 1641 equidem
1883 1589 1991 1628 nulla
2028 1589 2161 1628 videre
2193 1603 2349 1642 possum
2377 1596 2536 1644 σημεῖα.

493 1656 588 1696 Jam
615 1657 734 1708 igitur
761 1654 1152 1705 circumspiciendum
1179 1654 1237 1693 his
1262 1653 1552 1694 difficultatibus
1576 1668 1747 1708 quanam
1773 1657 1922 1694 ratione
1945 1668 2017 1694 nos
2041 1657 2290 1707 extricemus,
2326 1668 2401 1707 qua
2427 1657 2467 1694 in
2493 1669 2535 1693 re

493 1724 645 1773 egregie
672 1720 948 1771 adjuvabimur
972 1720 1165 1757 formulae
1184 1714 1314 1757 αἴτιον
1342 1720 1408 1760 vel
1433 1720 1574 1759 αἰτίαν
1602 1714 1703 1758 εἶναι
1732 1733 1767 1759 υ.
1796 1718 1987 1768 γενέσθαι
2016 1725 2093 1759 τινί
2119 1731 2237 1770 τινος,
2257 1728 2396 1759 natura
2422 1728 2539 1771 atque

495 1787 625 1826 indole
662 1788 875 1824 accuratius
908 1784 1173 1837 expendenda.
1225 1785 1280 1823 Et
1314 1788 1356 1824 in
1388 1798 1434 1824 ea
1469 1784 1630 1836 quidem
1664 1798 1737 1836 pro
1768 1793 1874 1823 certo
1904 1784 2102 1823 affirmare
2127 1786 2272 1836 ausim,
2310 1784 2540 1838 subjeetum,
2584 1833 2587 1835 -

494 1852 598 1904 quod
625 1851 773 1902 dicunt,
798 1851 969 1902 logicum
996 1851 1277 1889 enuncIationis
1301 1849 1563 1901 secundariae,
1588 1863 1687 1901 quae
1712 1858 1778 1888 aut
1794 1849 2021 1889 substantivi
2046 1851 2234 1900 genitivo,
2257 1857 2324 1887 aut
2343 1848 2541 1900 infinitivi,

496 1917 680 1963 (addatur
707 1916 891 1953 articulus
916 1928 965 1953 an
991 1917 1195 1953 omittatur
1219 1915 1277 1954 nil
1303 1916 1476 1968 interest,
1510 1914 1558 1954 cs.
1585 1912 1742 1953 Sinten.
1769 1912 1818 1952 ad
1842 1912 2031 1954 Themist.
2058 1913 2168 1953 XX!
2184 1943 2195 1965 ‚
2224 1928 2263 1966 p.
2290 1913 2386 1962 149)
2413 1916 2540 1953 conti-

494 1991 630 2032 netur,
656 1984 885 2020 attractione
912 1981 1079 2031 quadam
1107 1981 1240 2018 dativo
1266 1994 1353 2019 casu
1381 1984 1420 2019 in
1447 1982 1676 2032 primariam
1702 1987 1917 2016 assumtum
1943 1979 2088 2030 ubique
2123 1980 2174 2016 ita
2201 1980 2382 2031 cogitari,
2405 1986 2449 2017 ut
2474 1986 2541 2016 aut

498 2048 666 2097 patiatur
690 2044 836 2096 aliquid
865 2044 912 2082 ab
939 2057 1007 2096 e0,
1041 2044 1145 2096 quod
1171 2047 1384 2083 sententIae
1410 2045 1619 2096 primariae
1645 2052 1700 2082 est
1725 2043 1962 2094 subjectum,
1986 2051 2053 2079 aut
2078 2044 2133 2079 rei
2159 2042 2319 2095 alicujus
2344 2042 2541 2081 faciendae

498 2111 721 2149 facultatem
748 2110 796 2147 ab
820 2122 866 2147 eo
893 2111 1093 2163 accepisse,
1116 2118 1181 2149 aut
1200 2108 1369 2163 denique
1393 2118 1492 2149 statu
1511 2109 1642 2163 aliquo
1667 2110 1724 2148 uti
1747 2108 1907 2160 dicatur,
1932 2122 2003 2160 per
2026 2107 2240 2159 subjectum
2267 2108 2364 2146 illud
2390 2108 2541 2147 effecto.

616 2191 739 2242 Cujus
765 2203 854 2228 usus
881 2203 970 2228 cum
997 2190 1101 2228 haud
1126 2204 1248 2242 pauca
1277 2192 1529 2230 inveniantur
1569 2189 1767 2243 exempla,
1790 2187 1895 2227 haud
1921 2196 2055 2227 tamen
2080 2200 2414 2240 supervacaneum
2441 2186 2547 2241 duxi,

494 2256 635 2296 addere
662 2255 879 2308 quaedam,
904 2269 1011 2306 rem,
1036 2264 1078 2294 ut
1104 2255 1203 2294 mihi
1238 2264 1341 2295 certe
1368 2256 1543 2308 videtur,
1578 2256 1730 2308 egregie
1755 2256 1997 2294 illustrantia.
2049 2253 2236 2294 conseras
2269 2256 2388 2307 igitur
2412 2256 2542 2307 primo

495 2323 580 2361 loco
605 2331 697 2360 nota
725 2322 791 2359 illa
820 2321 1033 2359 Homerica
1061 2320 1107 2359 ll.
1141 2321 1181 2373 l,
1215 2324 1308 2360 150:
1336 2322 1403 2361 ubi
1432 2321 1606 2361 Achilles
1632 2320 1680 2359 de
1704 2320 1883 2373 Trojanis
1908 2342 1957 2348 —
1987 2315 2075 2358 οὔτι
2104 2333 2188 2373 μοι
2214 2318 2344 2361 αἴτιοί
2369 2319 2467 2359 εἰσιν
2492 2333 2542 2358 sc.

496 2389 626 2428 κακοῦ
654 2385 883 2432 οὐδενός-
910 2386 968 2425 nil
996 2399 1172 2437 unquam
1199 2387 1293 2424 mali
1317 2400 1358 2425 se
1384 2401 1462 2426 esse
1487 2399 1714 2439 perpessum
1738 2385 1962 2437 profitetur3
1990 2384 2027 2423 ll
2055 2384 2134 2437 lll,
2160 2386 2253 2423 164:
2279 2384 2346 2424 ubi
2362 2384 2543 2423 Priamus

497 2452 694 2491 Helenam
722 2452 856 2490 solatio
882 2459 1081 2490 erecturus
1104 2447 1155 2479 ·-’-
1182 2447 1271 2490 οὔτι
1296 2465 1366 2504 μοι
1393 2451 1536 2504 αἰτίη
1564 2450 1678 2492 ἐσσί
1703 2452 1842 2503 inquit,
1869 2453 1966 2490 θεοί
1990 2447 2036 2490 νύ
2063 2461 2149 2504 μοι
2176 2446 2345 2488 αἴτιοί
2369 2448 2467 2488 εἰσιν
2492 2461 2544 2489 sc.

498 2520 569 2557 τοῦ
597 2515 809 2569 πολέμου,
836 2516 948 2568 belli,
973 2530 1052 2569 quo
1078 2529 1241 2568 urgeor,
1266 2517 1369 2567 quod
1394 2519 1539 2570 premit
1564 2530 1636 2556 nos
1661 2524 1777 2569 atque
1803 2524 1928 2556 vexat.
1980 2515 2084 2555 Plut.
2112 2515 2257 2568 Pomp.
2286 2514 2321 2554 1.
2356 2512 2471 2553 (ὶιτία
2499 2513 2542 2555 δὲ

497 2586 571 2623 τοῦ
597 2581 669 2635 μέν
698 2588 844 2627 μίσους
871 2580 1008 2629 ἐκείνῳ
1027 2582 1233 2633 (Pompeji
1258 2581 1315 2619 M.
1339 2584 1462 2632 patri)
1489 2586 1590 2636 μία,
1617 2580 1839 2634 χρημάτων
1865 2578 2078 2632 ἄπληστος
2101 2579 2311 2630 ἐπιθυμία
2331 2600 2381 2609 -
2407 2577 2543 2628 τούτῳ

498 2646 540 2687 δὲ
568 2648 783 2699 (Pompejo
810 2645 866 2684 M.
893 2646 984 2698 ipsi)
1011 2643 1169 2686 πολλαὶ
1198 2646 1271 2683 τοῦ
1299 2644 1567 2696 ἀγαπᾶσθαι.
1616 2645 1748 2699 Ejusd.
1775 2646 1846 2685 vit.
1883 2658 1916 2684 c.
1943 2642 2171 2695 XXXIX,
2217 2638 2242 2680 ὂ
2268 2643 2381 2681 δοκεῖ
2402 2653 2543 2697 παρα-

500 2710 670 2763 λειφθὲν
706 2711 785 2761 σι’-χ
819 2708 961 2764 ἥκιστα
999 2708 1251 2758 Λευκούλλῳ
1287 2714 1433 2764 μίσους
1464 2707 1596 2750 αἴτιον
1627 2709 1827 2759 γενέσθαι.
1880 2709 2071 2749 Themist.
2100 2708 2212 2758 Vll,
2248 2705 2406 2761 Διόπερ
2435 2707 2544 2745 δοκεῖ
