2853 3359
527 242 620 287 XX

468 359 544 402 οὔτ
570 358 670 412 ἴσως
695 361 891 411 δυνατὸν,
918 360 1003 403 οὔτ2
1026 359 1167 410 ἄλλως
1190 358 1374 411 ἐπιεικές,
1398 362 1474 403 nisi
1498 362 1616 415 hunc,
1641 377 1759 418 quem
1786 366 1911 407 alium
1940 365 2104 407 habeant
2127 380 2295 421 sensum,
2319 366 2501 420 equidem

466 441 549 468 non
574 438 728 480 exputo.
761 450 809 456 —
861 430 918 466 At
943 430 1091 466 flamen
1115 430 1188 466 suit
1214 438 1357 468 creatus
1381 429 1541 480 quidem
1568 437 1684 481 atque
1709 437 1908 472 destinatus
1932 434 1959 470 i.
1989 445 2023 469 e.
2047 437 2281 487 demynatus,
2305 439 2503 488 inaugura-

466 505 524 537 tus
547 508 627 535 non
652 497 768 545 item,
806 495 858 532 ita
884 502 929 533 ut
964 495 1073 534 nulla
1100 494 1266 534 flaminii
1304 496 1438 534 munia
1472 509 1564 533 cum
1590 503 1712 534 essent
1745 498 1780 533 ei
1808 497 2009 548 obeunda,
2046 511 2118 535 nec
2143 501 2277 537 aetatis
2301 498 2504 537 infirmitas

467 559 592 597 ullum
617 559 815 597 facesseret
839 561 1056 611 negotium,
1081 568 1196 611 atque
1221 571 1353 609 uxore,
1377 571 1573 597 sacrorum
1602 559 1838 610 administra,
1864 563 2008 612 quippe
2028 562 2096 613 qui
2121 574 2202 599 non
2222 562 2364 601 faceret
2386 575 2503 612 sacra,

465 624 575 662 facile
598 630 726 674 posset
750 622 901 662 carere!
930 646 978 652 —
1016 623 1099 662 Sed
1125 637 1215 674 vos,
1246 622 1444 661 undenam
1475 625 1685 674 sumpsistis
1720 623 1817 661 hanc
1851 623 1889 661 h.
1914 628 1972 662 rei
1998 633 2078 664 tam
2107 633 2250 664 certam
2275 628 2501 666 scientiam?

464 687 575 727 Num
601 697 782 728 veterum
809 692 894 741 quis
918 703 1006 728 eam
1030 689 1314 741 suppeditavit?
1348 687 1492 726 Nemo.
1519 686 1752 739 Conjectura
1777 690 1907 739 igitur,
1932 690 2037 739 quod
2061 703 2175 741 supra
2200 692 2389 742 posuistis,
2413 705 2502 730 curn

464 757 544 794 sitis
568 757 748 807 assecuti,
779 756 860 807 jam
889 761 1060 794 vestrum
1087 762 1169 792 erat
1196 761 1432 804 monstrare,
1465 766 1510 791 ea
1543 753 1681 804 quibus
1707 752 2005 793 commendetur
2040 755 2262 794 rationibus.
2314 754 2399 794 Sed
2430 756 2504 795 hoc

465 833 538 858 nec
563 821 709 869 fecistis,
732 831 805 856 nec
832 831 1022 870 unquam,
1047 821 1198 869 opinor,
1223 819 1397 869 poteritis
1422 818 1557 855 facere.
1572 839 1619 845 —
1646 817 1754 855 Nam
1780 818 1876 856 illud
1902 826 2004 856 certe
2032 831 2151 870 quam
2176 821 2348 858 maxime
2375 819 2504 860 oflen-

467 885 584 934 deret,
610 883 783 922 Marium
805 882 1066 934 CInnamque,
1090 886 1194 921 viros
1220 883 1306 921 illos
1332 884 1627 934 potentissimos,
1653 882 1872 933 Caesarem,
1893 884 2064 921 tantulae
2090 886 2224 922 aetatis
2248 897 2429 935 puerum,
2455 886 2504 923 ad

463 947 687 986 flaminium
716 948 852 999 Jovis,
883 960 1061 986 summae
1096 947 1309 999 dignitatis,
1340 959 1593 998 summaeque
1625 949 1859 986 auctoritatis
1890 948 2147 987 sacerdotium
2182 948 2352 997 (flamen
2378 949 2503 988 Dialis

465 1020 647 1053 rnaxz’maew
678 1019 898 1066 diynatiom's
932 1015 1032 1051 inter
1064 1012 1146 1050 XV
1184 1012 1375 1050 flamines.
1428 1011 1560 1050 Festus
1585 1025 1613 1050 s.
1647 1012 1687 1050 h.
1716 1012 1782 1060 v.)
1817 1014 2033 1064 provexisse
2070 1013 2252 1064 quidem,
2287 1014 2507 1065 fecisseque,

467 1091 546 1128 quo
572 1091 643 1129 per
668 1077 880 1116 ludibrium
909 1080 1016 1128 quasi
1040 1077 1226 1115 haberent
1258 1077 1461 1128 religiones
1496 1085 1611 1128 atque
1635 1077 1835 1114 sacerdotii
1861 1080 2116 1128 sanctitatem,
2140 1091 2213 1116 nec
2239 1091 2333 1116 vero
2350 1086 2504 1116 tantum

467 1142 632 1182 valuisse
656 1156 730 1181 nec
755 1145 868 1195 ipsos,
892 1156 965 1181 nec
990 1142 1088 1193 illos,
1115 1144 1181 1193 qui
1207 1150 1292 1193 post
1319 1155 1456 1180 eorum
1483 1150 1667 1191 mortem,
1691 1137 1797 1192 πρὸς
1823 1138 1895 1193 τήν
1921 1140 2050 1195 αὐτὴν
2078 1140 2280 1182 ὑπόθεσιν
2306 1145 2503 1182 civitatem

467 1207 808 1258 administrabant,
832 1207 879 1245 L.
909 1206 1030 1246 Com.
1060 1207 1290 1258 Scipionem
1317 1206 1553 1257 Asiaticum,
1591 1205 1638 1245 C.
1668 1206 1839 1244 Marium
1864 1208 2059 1257 juniorem
2086 1214 2159 1244 etc.
2188 1215 2231 1245 ut
2259 1210 2359 1264 intra
2387 1210 2506 1259 quin—

469 1286 545 1324 que
571 1286 704 1323 annos,
731 1285 852 1322 usque
877 1272 926 1309 ad
951 1270 1083 1309 Sullae
1111 1272 1282 1310 reditum
1309 1272 1474 1321 elapsos,
1501 1273 1567 1321 qui
1596 1273 1768 1321 ipsorum
1792 1272 1895 1322 jussu
1923 1278 2069 1310 creatus
2094 1279 2189 1310 esset
2214 1271 2378 1323 flamen,
2402 1279 2506 1313 inau-

460 1341 687 1391 guraretur?
738 1336 930 1387 Populus,
954 1338 984 1374 si
1013 1335 1220 1374 Caesarem
1248 1337 1393 1373 creavit
1418 1334 1621 1372 flaminem
1650 1334 1828 1385 Dialem,
1853 1349 1986 1374 nonne
2010 1339 2095 1387 ipso
2120 1350 2166 1375 eo
2190 1337 2314 1388 sacto,
2339 1338 2441 1376 velle
2465 1351 2504 1376 se

464 1410 582 1453 atque
604 1401 740 1454 jubere
767 1401 998 1451 declaravit,
1024 1402 1247 1452 inaugurari
1271 1412 1384 1449 eum,
1410 1412 1528 1450 quem
1555 1400 1778 1437 creaverat?
1835 1398 2016 1437 Pontifex
2045 1403 2239 1439 maxImus
2264 1410 2416 1452 autem,
2441 1402 2504 1441 vel

464 1474 594 1504 totum
620 1469 739 1505 etiam
763 1465 995 1518 pontificum
1022 1466 1244 1516 collegium,
1270 1464 1482 1516 quomodo,
1506 1464 1579 1501 nisi
1606 1465 1842 1515 inauspicato
1867 1478 1958 1502 eum
1980 1477 2059 1504 esse
2085 1473 2259 1504 creatum
2286 1466 2507 1518 probarent,

467 1544 567 1581 quae
592 1532 761 1582 populus
784 1533 956 1579 jusserat,
981 1530 1166 1567 volebant
1191 1529 1248 1566 illi
1275 1529 1488 1578 duumviri,
1511 1531 1678 1579 migrare
1704 1531 1938 1579 potuerunt?
1975 1528 2093 1583 Quod
2119 1534 2150 1569 si
2170 1533 2254 1583 quis
2275 1532 2507 1570 contendere

468 1596 576 1647 velit,
599 1596 672 1634 hac
698 1609 791 1634 eum
818 1604 990 1633 creatum
1018 1607 1096 1632 esse
1121 1594 1219 1644 lege,
1245 1601 1287 1630 ut
1313 1595 1384 1631 nisi
1411 1593 1576 1643 adultus,
1600 1606 1680 1631 non
1706 1596 2013 1645 inauguraretur,
2036 1603 2168 1633 nostro
2193 1595 2303 1634 nob1s
2326 1598 2412 1646 jure
2440 1599 2505 1636 in-

465 1668 659 1711 terrogare
683 1672 793 1710 posse
821 1659 1015 1707 videmur,
1041 1656 1168 1696 Cinna
1195 1656 1418 1707 Mariusque
1444 1670 1513 1695 cur
1544 1660 1707 1696 omnino
1730 1660 1811 1710 jam
1840 1666 1924 1696 tum
1953 1657 2158 1699 Caesarem
2185 1660 2407 1712 eligendum
2435 1675 2506 1700 cu-

463 1727 647 1775 raverint,
672 1737 763 1762 cum
789 1737 863 1762 nec
887 1725 958 1775 ipsi
983 1722 1110 1761 ullum
1134 1722 1225 1761 inde
1250 1729 1431 1774 caperent
1456 1722 1639 1773 fructum,
1664 1736 1738 1761 nec
1752 1722 1893 1761 Caesar
1920 1725 2126 1774 quicquam
2148 1725 2361 1764 lucraretur
2387 1739 2503 1783 prae-

463 1798 523 1828 ter
548 1791 706 1829 inanem
733 1789 1056 1841 appellationem,
1090 1801 1314 1838 nomenque
1340 1790 1422 1825 sine
1448 1786 1623 1826 honore?
1672 1787 1724 1825 Et
1758 1788 1914 1838 quando
1951 1802 2126 1839 unquam
2155 1794 2398 1841 magistratus
2422 1795 2504 1831 sive

462 1855 719 1894 sacerdotium
748 1854 817 1892 tali
856 1854 943 1906 lege
974 1853 1078 1906 apud
1104 1852 1307 1892 Romanos
1335 1852 1508 1891 delatum
1535 1854 1616 1891 est?
1641 1875 1690 1883 —
1720 1852 1781 1891 lta
1807 1855 1925 1905 igitur
1949 1853 2176 1906 explicando
2202 1863 2241 1894 et
2264 1857 2506 1909 suspicando,

464 1921 569 1972 quod
594 1920 777 1958 hariolari
790 1922 917 1958 verius
942 1922 1026 1970 quis
1052 1919 1202 1968 dixerit,
1225 1919 1282 1956 nil
1308 1917 1546 1969 proficimus,
1568 1931 1641 1956 nec
1667 1920 1830 1955 omnino
1844 1918 2071 1968 Vellejanae
2096 1922 2325 1960 narrationis
2351 1934 2397 1960 ea
2422 1935 2502 1962 esse

464 1986 619 2024 videtur
643 1993 782 2024 natura
807 1992 921 2036 atque
947 1983 1113 2034 indoles,
1138 1992 1180 2021 ut
1201 1996 1291 2021 cum
1306 1982 1535 2022 casaubono
1561 1983 1610 2020 ad
1623 1980 1727 2020 Suet.
1752 1981 1773 2019 l
1800 1984 1991 2033 majorem
2018 1986 2054 2021 ei
2079 1993 2259 2034 putemus
2285 1985 2504 2026 habendam

465 2063 543 2090 esse
568 2049 703 2101 fidem,
729 2062 846 2101 quam
863 2048 1087 2100 Plutarcho,
1112 2055 1180 2086 aut
1206 2061 1296 2086 cum
1309 2045 1479 2097 Rualdo,
1504 2047 1728 2086 incredibile
1755 2055 1897 2098 quanta
1923 2047 2145 2100 cupiditate,
2169 2062 2281 2088 caeca
2306 2051 2505 2091 interdum

464 2124 581 2167 atque
606 2117 845 2166 impotente,
870 2127 964 2165 quos
989 2114 1081 2151 dicit
1106 2113 1212 2151 Plut.
1238 2114 1364 2164 lapsus
1386 2121 1501 2164 atque
1524 2125 1671 2150 errores
1697 2114 1903 2163 expiscanti
1928 2121 2045 2164 atque
2070 2114 2348 2160 νουθετοῦντι,
2372 2118 2506 2154 certis-

462 2182 608 2219 simum
642 2180 874 2231 habeamus,
910 2178 1013 2228 (vid.
1039 2186 1120 2217 not.
1154 2180 1202 2230 ej.
1238 2179 1278 2216 in
1313 2177 1525 2229 appendice
1551 2177 1641 2216 edit.
1670 2177 1857 2231 Bryant.,
1892 2191 1991 2229 quae
2016 2177 2188 2216 Londini
2213 2178 2358 2230 prodiit
2394 2182 2505 2219 1732.

463 2245 579 2283 Tom.
609 2245 643 2295 Ι,
667 2259 706 2296 p.
734 2244 847 2292 501.)
899 2243 1102 2283 Caesarem
1130 2256 1153 2281 a
1180 2243 1308 2281 Mario
1337 2241 1541 2293 Cinnaque
1566 2242 1721 2280 Romae
1757 2242 1883 2280 adhuc
1915 2242 2223 2294 dominantibus,
2264 2244 2505 2284 sacerdotem

465 2309 623 2349 Dialem
655 2314 796 2363 factum
830 2321 920 2347 esse.
972 2306 1081 2359 Quid
1107 2309 1249 2359 igitur?
1300 2307 1367 2345 Ad
1393 2305 1566 2345 Suetonii
1593 2307 1723 2345 locum
1749 2306 2015 2357 redeundum,
2054 2309 2121 2358 qui
2148 2316 2186 2345 et
2212 2310 2292 2360 ipse
2317 2322 2339 2347 a
2365 2312 2506 2348 criticis

465 2382 581 2426 atque
619 2373 892 2426 interpretibus
928 2372 1032 2411 haud
1058 2385 1138 2411 uno
1172 2373 1332 2411 nomine
1358 2380 1525 2412 tentatus
1551 2379 1625 2423 est,
1663 2371 1759 2410 adeo
1791 2380 1834 2410 ut
1861 2371 2064 2423 Bremius,
2096 2370 2248 2412 Wolfii
2280 2376 2507 2413 auctoritate

463 2442 598 2489 nixus,
623 2440 740 2477 verba
765 2439 849 2476 illa:
875 2442 1036 2492 «flamen
1062 2441 1181 2476 Dialis
1206 2441 1429 2477 destinatus*
1455 2445 1655 2487 tamquam
1683 2438 1810 2487 spuria
1836 2439 1988 2475 uncinis
2013 2438 2360 2476 circumscribenda
2389 2451 2505 2477 cura-

464 2506 578 2544 verit.
607 2526 656 2532 —-
681 2502 978 2549 «Adversantur
1001 2501 1182 2552 scilicet,²>
1206 2515 1297 2541 eum
1323 2505 1353 2542 si
1379 2502 1523 2553 audies,
1545 2503 1616 2547 «iis
1642 2513 1740 2553 quae
1765 2501 1942 2553 Vellejus
1965 2510 2117 2554 narrat,
2146 2516 2275 2555 neque
2299 2511 2391 2555 apto
2416 2504 2504 2543 loco

464 2571 689 2621 interposita
722 2576 831 2619 sunt,
876 2581 994 2620 quare
1028 2573 1133 2605 recte
1157 2564 1356 2619 Wolfius,
1392 2581 1483 2607 curn
1515 2566 1565 2606 ad
1597 2566 1895 2618 explicandum,
1934 2566 2038 2618 quod
2064 2568 2196 2619 paullo
2230 2568 2329 2606 infra
2353 2568 2505 2621 legitur,

464 2634 599 2672 vocab.
625 2640 839 2679 sacerdotio,
865 2635 907 2671 in
932 2634 1108 2684 margIne
1134 2639 1257 2669 essent
1283 2632 1444 2683 adpicta,
1468 2632 1714 2670 librariorum
1740 2623 1889 2670 incur‘ia
1916 2631 1992 2669 huc
2017 2645 2063 2670 ea
2089 2635 2270 2683 migrasse
2295 2636 2505 2685 susp1catus

465 2701 556 2737 εει.»
583 2722 627 2729 -
658 2697 753 2736 Jam
789 2695 895 2749 quod
926 2696 974 2735 ad
1007 2698 1181 2747 primum
1208 2705 1483 2747 argumentum
1509 2699 1665 2748 attinet,
1707 2709 1788 2735 non
1815 2695 1987 2734 multum
2013 2695 2295 2747 laborabimus,
2332 2706 2418 2748 post
2443 2711 2502 2748 ea,
