2896 3314
2121 242 2310 291 XXVI!

333 373 423 402 cum
448 375 520 415 per
543 373 584 401 se
611 362 700 401 satis
723 367 780 401 est
805 358 1004 413 probabile
1017 366 1102 399 tum
1118 356 1301 399 Suetonii
1314 371 1470 412 quoque
1494 358 1673 401 firmatur
1700 362 1935 415 testimonio,
1951 361 2130 402 dicentis:
2155 362 2282 403 donec
2303 377 2375 417 per

334 436 407 467 etc.
432 435 504 466 etc.
529 433 675 468 venian·
699 425 926 481 impetravit)
952 424 1065 478 hujus
1089 426 1164 465 viri
1189 437 1414 478 responsum
1431 437 1534 478 vago
1554 424 1725 478 quodam
1749 440 1919 480 rumore,
1942 428 2103 468 fortuito
2128 428 2261 481 aliquo
2286 442 2375 469 casu

333 493 385 532 ad
410 491 584 533 Caesaris
609 504 720 531 aures
744 499 960 545 penetrasse
988 491 1092 530 credi
1118 493 1282 530 omnino
1307 504 1389 531 non
1413 499 1560 545 potest3
1587 494 1716 545 potius
1738 501 1950 533 statuamus
1974 507 2127 535 necesse
2151 497 2247 547 erit,
2271 496 2376 535 viros

334 558 422 598 illos
440 557 596 597 Caesari
620 560 778 607 amicos,
802 570 920 608 quem
947 557 1137 596 habuisset
1161 569 1371 595 successum
1398 557 1619 610 deprecatio
1643 571 1725 609 sua,
1746 560 1875 597 statim
1902 559 1951 597 ad
1966 558 2172 599 Caesarem
2198 566 2375 607 retulisse,

335 635 436 675 quae
461 627 668 676 referendi,
705 627 951 663 renunciandi
981 622 1090 660 notio
1122 622 1221 659 inest
1245 621 1367 660 verbo
1391 620 1641 676 ἀναφέρειν,
1687 623 1735 661 cf.
1759 621 1980 662 Wunderl.
2009 623 2138 675 Soph.
2173 623 2308 677 Antig.
2335 637 2375 664 v.

337 688 434 739 272,
457 700 538 727 non
564 689 662 727 inest
686 687 854 739 simplici
880 684 1037 740 φέρεινς
1077 692 1194 736 atque
1219 686 1272 723 ita
1299 685 1452 739 Amyot
1476 689 1614 726 vertit:
1649 685 1763 727 ceste
1788 687 1922 740 parole
1947 696 2068 741 ayant
2094 689 2174 726 este
2200 696 2377 743 rapporte'

337 753 361 790 a
388 749 540 792 Caesar.
564 774 616 784 —
642 751 778 791 Simili
803 750 923 790 modo
948 763 1032 801 cap.
1058 748 1198 788 xvn.
1232 746 1427 789 ’‘Onmov
1452 749 1659 792 ἐκέλευσεν
1684 750 2039 800 ἀναπαύσασθαι,
2068 754 2240 804 primam
2266 752 2376 791 verbi

336 819 541 869 compositi
567 816 800 869 particulam
825 823 892 854 aut
916 816 1127 866 scripturae
1151 813 1385 866 compendio
1412 816 1615 869 excidisse,
1647 825 1715 857 aut
1739 817 1879 856 ultima
1906 817 2087 857 vocabuli
2111 816 2378 870 praecedentis

336 881 483 935 syllaba
508 896 587 922 esse
612 884 868 933 interceptam
889 890 996 933 put0.
1047 879 1277 933 Legendum
1303 879 1359 919 ibi
1390 888 1447 919 est
1477 879 1864 921 ἑναναπαύσασθαι.
1918 881 2024 921 Nam
2050 896 2188 921 omnes
2213 882 2377 935 quidem

336 945 721 991 ἀνεπαύσαντο;
757 953 797 988 in
822 954 964 1001 tugurio
990 955 1144 999 praeter
1168 945 1361 999 Oppium,
1386 944 1543 986 infirma
1567 954 1743 987 utentem
1769 947 2016 1000 valetudine,
2038 961 2172 987 nemo.
2223 946 2376 1002 Quodsi

334 1014 453 1064 igitur
478 1013 521 1053 ὲν
545 1013 871 1064 praepositionem
898 1014 1090 1063 omiseris,
1123 1012 1323 1064 languebit
1346 1011 1561 1063 antithesis,
1603 1013 1670 1051 vel
1693 1013 1800 1050 nulla
1825 1015 1952 1064 potius
1976 1015 2062 1051 erit.
2113 1012 2291 1051 Praefixa
2316 1012 2376 1050 οὶν

338 1086 377 1116 et
401 1078 451 1117 ἐν
475 1080 517 1117 in
543 1079 764 1129 compositis
789 1077 1037 1117 lIbrariorum
1063 1080 1212 1116 incuria
1236 1079 1385 1129 saepius
1410 1076 1664 1131 intercidisse,
1688 1084 1755 1115 aut
1781 1079 1882 1115 inter
1905 1090 1944 1116 se
1969 1090 2048 1117 esse
2074 1078 2254 1127 confusa,
2282 1088 2378 1128 cog-

338 1155 471 1181 noscas
496 1155 543 1180 ex
570 1140 772 1182 Schaei'eri
804 1149 888 1181 not.
919 1142 970 1180 ad
1003 1141 1113 1181 Caes.
1139 1141 1272 1193 xlv,
1302 1154 1343 1194 p.
1372 1144 1468 1193 189,
1506 1144 1566 1181 15.
1616 1140 1767 1181 Sinten.
1801 1141 1851 1180 ad
1878 1142 2037 1181 Aristid.
2065 1141 2206 1180 XXV.
2257 1140 2378 1181 Held.

340 1207 489 1245 Aemil.
518 1206 644 1244 Paull.
671 1205 759 1257 XI,
795 1214 1034 1257 provocante
1059 1206 1109 1243 ad
1135 1205 1241 1244 Bast.
1268 1205 1495 1244 comment.
1523 1206 1719 1258 palaeogr.
1753 1219 1791 1257 p.
1824 1209 1911 1244 714.
1939 1227 1988 1234 —
2023 1205 2139 1259 φωνι)
2168 1205 2306 1245 vocab.
2333 1214 2378 1244 ut

335 1273 445 1311 latin.
477 1290 548 1313 vox
581 1271 630 1310 de
665 1273 893 1323 praegnanti
928 1271 1086 1322 alicujus
1120 1271 1224 1310 dIcto
1254 1273 1405 1322 saepius
1435 1273 1612 1310 invenies
1636 1278 1877 1322 usurpatum.
1942 1271 1989 1309 cf.
2017 1270 2126 1310 Caes.
2153 1270 2272 1309 xlv.
2297 1268 2373 1308 οὐκ

335 1335 458 1385 ἀξίαν
484 1339 555 1389 τῆς
580 1336 673 1388 περὶ
700 1333 828 1375 αὑτὸν
855 1334 1000 1382 αἰδοῦς
1027 1344 1098 1374 etc.
1127 1333 1266 1388 φωνήν
1291 1332 1564 1380 α’κούσαντας.
1616 1333 1812 1373 Consolat.
1841 1335 1904 1373 ad.
1933 1330 2111 1387 Apollin.
2137 1348 2169 1373 c.
2196 1333 2262 1372 IX
2288 1333 2374 1382 (ed.

336 1408 489 1439 stereot.
503 1400 538 1451 1,
562 1413 601 1451 p.
613 1400 728 1447 246.)
755 1399 939 1439 ἐνταῦθα
965 1397 1044 1450 γάρ
1071 1395 1228 1450 ἄνπερ
1255 1396 1435 1438 ἑλκύσειε
1461 1396 1533 1449 τήν
1561 1400 1634 1436 τοῦ
1655 1396 1902 1450 Σωκράτους
1929 1398 2145 1451 φωνῇκ-
2172 1399 2222 1437 In
2233 1398 2376 1450 plurali

337 1464 387 1503 de
411 1465 620 1504 hominum
644 1464 898 1503 sermonibus.
948 1463 1053 1501 Plut.
1081 1463 1231 1501 Aemil.
1261 1461 1376 1500 Paul.
1401 1460 1569 1499 XXXI.
1602 1461 1672 1499 καὶ
1708 1460 1758 1501 τὸ
1785 1458 1859 1514 μὲν
1885 1459 2053 1514 πλῆθος
2079 1461 2119 1502 ἐν
2147 1466 2303 1513 φωναῖς
2330 1453 2377 1513 ἦν

338 1527 588 1582 ἀπράκτοις,
613 1537 652 1569 et
678 1519 797 1581 quem
824 1528 878 1567 ibi
904 1530 995 1567 citat
1020 1526 1139 1566 Held.
1166 1526 1346 1566 Demetr.
1373 1525 1586 1579 XXXIV,
1609 1531 1650 1566 4.

460 1607 798 1662 πλανώμενος
835 1607 884 1648 ἐν
921 1607 1169 1652 Σαβίνοις
1205 1602 1442 1646 ἔκλεπτεν
1479 1605 1669 1646 ἑαυτόν
1707 1628 1758 1636 ·-
1791 1606 2155 1661 πλανώμενοςε
2192 1607 2243 1646 ad
2281 1605 2379 1646 dex-

344 1683 444 1713 tram
471 1673 613 1725 modo,
649 1673 771 1713 modo
803 1673 852 1712 ad
884 1673 1039 1712 laevam
1067 1670 1292 1723 deflectens,
1327 1673 1551 1711 transvorsis
1584 1672 1784 1711 itineribus
1815 1672 1892 1711 huc
1925 1673 2019 1711 illuc
2051 1686 2092 1711 se
2118 1681 2295 1723 vertens,
2335 1673 2378 1711 in

339 1740 461 1777 alium
487 1751 641 1789 semper
666 1751 714 1775 ex
738 1738 816 1776 alio
841 1738 928 1775 loco
954 1738 1225 1788 commigrans,
1249 1749 1322 1774 nec
1347 1749 1474 1774 unum
1500 1735 1748 1787 eundemque
1774 1736 2045 1775 commorandi
2068 1737 2201 1775 locum
2226 1736 2380 1788 longius

340 1805 519 1842 retInens.
570 1803 616 1841 cf.
642 1800 802 1841 Sueton.
831 1801 870 1840 1:
896 1809 965 1847 «ut
991 1803 1109 1840 etIam
1136 1800 1330 1839 discedere
1356 1813 1379 1838 e
1404 1800 1536 1839 medio
1562 1807 1613 1851 et,
1639 1813 1877 1853 quamquam
1905 1801 2044 1840 morbo
2069 1808 2281 1853 quartanae
2307 1813 2379 1853 ag-

341 1875 546 1920 gravante,
584 1879 706 1918 prope
731 1879 802 1917 per
826 1866 993 1916 singulas
1017 1873 1149 1903 noctes
1175 1871 1419 1902 commutare
1444 1864 1606 1903 latebras
1631 1874 1831 1916 cogeretur
1857 1869 1953 1904 ete.²
2018 1864 2137 1919 Quod
2162 1865 2212 1902 ad
2237 1865 2376 1904 vocab.

342 1931 384 1972 ἐν
411 1930 632 1978 Σαβίνοις,
664 1929 829 1974 eandem
854 1929 1004 1968 notabis
1029 1930 1205 1982 synesin,
1241 1927 1400 1967 Graecis
1437 1941 1593 1982 quoque
1628 1931 1806 1970 usitatam
1842 1938 1959 1983 atque
1993 1930 2094 1983 apud
2120 1929 2378 1970 Plutarchum

340 1998 689 2048 frequentissimam
732 1995 803 2043 (cf.
830 1994 941 2033 Caes.
976 1993 1192 2032 xxvm.
1230 1991 1272 2031 ὲν
1307 1991 1510 2046 Πάρθοις.
1562 1995 1710 2057 Timol.
1735 1996 1773 2036 ὲν
1799 1996 2033 2042 Λεοντίνοις
2057 2003 2128 2034 etc.
2153 1995 2270 2047 etc.),
2303 2008 2380 2047 qua

342 2061 473 2100 Latini
498 2058 865 2112 praepositionibus,
899 2070 992 2108 quas
1017 2057 1091 2095 hoc
1115 2069 1227 2096 sensu
1252 2069 1333 2095 non
1359 2059 1434 2095 nisi
1458 2066 1582 2096 terrae
1607 2059 1768 2110 alicujus
1792 2061 1945 2098 nomini
1971 2060 2204 2110 conjungere
2228 2059 2381 2110 licebat,

344 2127 522 2179 gentium
547 2125 709 2163 nomina
735 2122 929 2161 adstruere
955 2122 1091 2173 solent,
1114 2129 1259 2160 terram
1284 2123 1408 2174 gentis
1432 2124 1594 2162 nomine
1618 2122 1881 2176 significaturi.
1935 2124 1982 2163 cf.
2010 2123 2121 2162 Fabr.
2145 2122 2233 2163 Liv.
2258 2122 2383 2176 XXI,

343 2194 379 2230 5.
407 2211 453 2218 —-
482 2186 725 2229 ἔκλεπτεν
760 2183 966 2230 ἑαυτὸν,
1003 2186 1241 2225 abscondidit
1265 2200 1367 2239 sese,
1400 2189 1706 2228 interfectoribus
1729 2202 1770 2228 se
1793 2189 1994 2239 subtraxit,
2024 2188 2161 2228 fefellit
2186 2201 2275 2240 eos,
2312 2191 2383 2241 qui

344 2267 390 2294 ea
414 2254 500 2292 loca
524 2251 879 2305 perscrutabantur,
915 2265 966 2291 ne
992 2252 1388 2304 comprehenderetur
1412 2266 1452 2291 se
1477 2254 1645 2305 eripuit,
1679 2252 1728 2292 de
1759 2266 1836 2305 qua
1862 2252 1970 2292 verbi
2000 2250 2184 2291 κλέπτειν
2218 2254 2383 2294 notione

346 2317 647 2365 (bethsimlt'cben'
674 2316 887 2367 herbergen)
915 2330 1035 2368 quam
1062 2317 1245 2369 equidem
1272 2331 1358 2356 eam
1385 2317 1574 2368 duxerim,
1599 2331 1647 2356 ex
1672 2331 1749 2369 qua
1774 2318 1873 2356 aliae
1898 2329 2032 2355 omnes
2056 2316 2096 2354 h.
2125 2319 2235 2356 vocis
2258 2320 2382 2370 signi-

345 2384 543 2425 ficationes
570 2380 776 2434 fluxerint,
801 2381 914 2422 adeas
940 2381 1059 2421 Held.
1088 2382 1137 2422 ad
1161 2382 1308 2423 Timol.
1333 2381 1459 2423 XVII
1473 2411 1484 2434 ,
1520 2395 1560 2434 p.
1585 2383 1684 2433 421,
1709 2383 1777 2434 qui
1801 2381 1931 2421 laudat
1956 2378 2177 2434 Wyttenb.
2202 2381 2252 2421 ad
2276 2380 2382 2422 Plut.

346 2447 565 2501 Metal-11,
588 2461 627 2500 p.
653 2449 742 2487 884.
793 2447 928 2486 Addas
954 2447 1115 2486 Pindar.
1144 2448 1261 2501 Pytb.
1281 2447 1356 2499 IV,
1381 2449 1466 2486 170.
1492 2446 1559 2485 ubi
1585 2446 1634 2485 de
1661 2446 1791 2486 Pelia:
1816 2443 2003 2485 κλέπτων
2031 2441 2075 2485 δὲ
2107 2446 2233 2495 θυμῷ
2259 2446 2380 2501 δεῖμα

347 2512 614 2565 προςὲννεπε,
645 2525 764 2564 quern
788 2512 921 2551 locum
947 2526 998 2551 ne
1025 2512 1182 2553 Passov.
1207 2513 1365 2566 quidem
1389 2514 1431 2551 In
1455 2512 1579 2552 lexico
1606 2513 1872 2564 praetermisit.

449 2591 629 2634 ἔπειτα
655 2590 715 2629 δι’
741 2592 1029 2645 ἀρρωστίαν
1056 2592 1126 2640 εἰς
1153 2591 1323 2632 οἰκίαν
1349 2590 1525 2643 ἑτέραν
1550 2589 2027 2645 μετακομιζόμενος
2052 2589 2183 2630 κατὰ
2209 2589 2379 2630 νύκτα.

350 2665 505 2714 Interpr.
534 2676 585 2713 ap
614 2662 741 2699 Reisk:
782 2656 882 2696 Inde
908 2656 1004 2696 dum
1031 2663 1247 2699 valetudinis
1271 2674 1401 2699 caussa
1432 2656 1548 2695 aliam
1583 2658 1625 2695 in
1660 2655 1825 2695 domum
1859 2656 2106 2707 transfertur,
2136 2655 2271 2695 incidit
2309 2665 2380 2695 etc.

349 2729 501 2776 Amyot:
533 2721 633 2761 Mais
661 2734 717 2761 un
743 2723 834 2773 jour
861 2733 1018 2761 comme
1049 2723 1077 2760 il
1105 2736 1145 2762 se
1175 2723 1295 2762 saisait
1324 2729 1557 2773 transportet
1590 2721 1703 2760 d’une
1731 2724 1882 2761 maison
1920 2723 1943 2760 ἐι
1979 2735 2057 2761 une
2090 2729 2199 2761 autre
2225 2725 2251 2762 ὰ
2275 2738 2383 2763 cause
