2905 3322
2141 225 2309 272 XXIX

331 364 430 403 quae
453 352 646 403 majorem
671 347 899 400 efflagitaret
923 354 1169 400 apparatum,
1192 354 1295 387 certe
1319 348 1441 387 altera
1465 349 1754 401 periculosiore,
1776 360 1867 388 usus
1891 349 1939 387 sit
1965 345 2129 396 caesar}
2154 347 2261 399 quod
2287 348 2378 387 fecit

327 415 472 454 addens
506 413 555 451 δι’
579 411 829 465 ἀρ’ῥωςτίαν,
875 412 927 451 ob
961 415 1131 464 corporis
1161 411 1445 452 infirmitatem.
1496 413 1653 453 Senties
1687 414 1726 453 h.
1763 414 2027 466 explicationis
2062 413 2271 453 veritatem
2284 441 2297 465 ,
2336 415 2379 452 in

327 477 622 532 pronunciando
655 491 742 518 voc.
776 475 1151 531 μετακομιζόμενος
1180 480 1212 517 si
1232 491 1386 518 -vocem
1424 478 1649 518 intenderis.
1710 477 1895 518 Ceterum
1930 478 2141 531 ἀρρωστία
2177 490 2265 517 voc.
2297 490 2380 517 non

329 554 411 585 tam
438 543 488 583 de
513 550 618 582 certo
644 542 817 596 quodam
858 541 998 581 morbo
1029 542 1307 595 intellexerim,
1338 557 1458 597 quam
1496 545 1625 597 potius
1660 541 1709 582 de
1741 542 1967 583 infirmitate
2002 543 2171 595 quadam
2206 545 2378 596 corporis

327 625 374 650 ex
416 609 556 648 morbo
588 609 678 660 illo,
720 620 840 660 quam
876 606 1043 647 Sueton.
1076 607 1226 646 febrem
1260 615 1489 660 quartanam
1524 611 1726 662 nominat,
1766 616 1918 660 exorta,
1955 616 2024 647 aut
2062 622 2154 647 cum
2191 622 2239 648 eo
2275 621 2375 648 oon-

323 678 457 728 juncta
471 703 482 725 ,
522 674 563 713 id
600 672 705 726 quod
747 673 916 712 absentia
955 670 1151 712 indefiniti
1190 685 1249 720 τις
1287 674 1447 714 suadere
1485 674 1585 714 thi
1631 674 1800 714 videtur.
1881 672 2220 725 significationem
2252 686 2376 714 vom-

327 740 412 778 buli
434 741 552 791 ipsius
575 751 658 777 non
684 737 854 790 obstare,
878 746 918 776 et
945 737 1228 790 etymologicae
1254 740 1336 790 ejtm
1369 742 1535 779 rationes
1561 739 1792 791 ostendunt,
1827 747 1867 777 et
1891 752 1962 777 usu
1990 751 2147 790 quoque
2171 738 2374 790 probatur3

328 804 376 842 cs.
413 804 518 843 Plut.
556 801 666 841 Caes.
704 802 855 840 XVII.
901 801 952 840 οὐ
993 799 1207 853 μαλακίας
1250 800 1479 855 ἐποιήσατο
1521 800 1609 855 τήν
1648 803 1940 855 ἀρρωστίαν
1985 800 2222 854 πρόφασιν,
2261 800 2376 840 ἀλλὰ

329 869 561 921 θεραπείαν
596 868 666 921 τῆς
703 866 990 917 ἀρρωστίας
1030 864 1201 913 (ffirmrl.
1229 865 1446 914 &d'mddyo
1482 867 1554 921 τήν
1588 870 1817 920 στρατείαν.
1872 865 1953 907 Cic.
1993 866 2069 905 111.
2106 866 2176 905 καὶ
2210 862 2291 918 ’γάρ
2328 856 2377 919 ἦν

329 928 458 978 ὄντως
491 928 629 982 ἰσχνὸς
664 931 733 971 καὶ
765 926 968 984 ἄσαρκος,
1010 928 1273 983 ἀρρωστίᾳ
1310 927 1526 985 στομάχου
1559 928 1684 986 μικρά
1726 931 1794 971 καὶ
1831 928 2008 984 γλισχροὶ
2041 928 2161 984 μόγις
2195 927 2277 983 ὄψε
2304 932 2378 983 τῆς

330 991 442 1047 οἳρας
480 993 828 1050 προσφερόμενος.
892 995 1035 1049 Pyrrh.
1076 994 1183 1034 XII.
1218 991 1358 1048 ὥσπερ
1395 993 1442 1044 ἑξ
1478 994 1760 1048 ἀρρωστίας
1798 996 2042 1044 (Ξώῐυᾶὼε,
2081 994 2373 1045 Ωταῇῐοὶῖςὲείῐ)

329 1058 511 1113 μεγάλης
536 1057 934 1113 ἀναλαμβάνουσαν.
961 1081 1011 1088 -
1051 1059 1149 1098 Jam
1174 1061 1206 1098 si
1232 1060 1316 1111 quis
1342 1059 1570 1112 mirabitur,
1608 1059 1715 1112 quod
1739 1060 1917 1099 lemmati
1950 1074 2036 1100 voc.
2068 1056 2196 1099 κατά
2222 1057 2376 1099 νύκτα

329 1127 598 1177 apposuerim,
629 1126 661 1163 is
694 1127 787 1163 sclat
821 1123 870 1162 ab
906 1137 951 1162 ea
977 1138 1043 1163 me
1076 1133 1179 1163 stare
1206 1125 1417 1176 sententia,
1453 1133 1497 1163 ut
1529 1138 1645 1165 voces
1669 1124 1754 1164 illas
1785 1138 1872 1164 voc.
1903 1124 2279 1179 μετακομιζόμενος
2303 1123 2378 1163 ad-

327 1189 546 1243 jungenda,
588 1189 756 1241 ideoque
793 1195 989 1229 commate
1030 1189 1259 1242 interposito
1297 1201 1320 1228 a
1357 1189 1603 1242 sequentibus
1644 1189 1881 1243 sejungenda
1912 1203 2107 1239 censeam;
2148 1184 2231 1229 non
2263 1191 2374 1229 enim

330 1264 386 1293 eet
410 1259 567 1299 «νισι-ιιι»
591 1255 696 1306 quod
720 1256 948 1306 interpretes
972 1253 1162 1293 dederunt
1186 1266 1334 1304 omnes,
1357 1254 1423 1293 sed
1447 1273 1542 1309 «per
1567 1260 1732 1308 cinq-das
1756 1259 1923 1302 noctes-5*
1948 1256 1995 1293 cs.
2022 1255 2167 1294 similes
2191 1255 2378 1293 sormulae

330 1319 427 1357 καθ’
453 1317 631 1373 ἡμέραν,
665 1319 750 1369 OEag
776 1317 837 1366 fiir
862 1318 969 1368 ssag,
1001 1314 1110 1358 κατά
1136 1316 1261 1372 μέρος
1286 1317 1396 1366 &bess
1419 1317 1479 1366 siu·
1504 1318 1628 1367 &beia
1679 1319 1802 1358 Bahr.
1831 1319 1881 1358 ad
1906 1319 2036 1358 Alcib.
2064 1319 2197 1371 XIII,
2222 1333 2260 1370 p.
2289 1321 2375 1357 127.

331 1384 489 1436 Philop.
519 1383 597 1422 1V.
648 1383 731 1423 Cic.
758 1382 977 1423 XXXIII.
1029 1382 1177 1423 Aemil.
1205 1383 1317 1422 Paul.
1343 1382 1402 1421 X.
1454 1379 1624 1422 Kiibner
1650 1381 1684 1433 S.
1714 1384 1789 1422 607
1815 1383 1897 1422 etc.
1918 1392 1990 1422 etc.
2016 1405 2065 1411 —
2094 1382 2232 1423 Totius
2256 1384 2376 1435 igitur

333 1450 547 1488 sententiae
581 1448 645 1486 hic
677 1450 751 1487 erit
780 1461 930 1488 sensus:
969 1447 1112 1487 caesar
1137 1449 1363 1486 transvorsis
1394 1445 1442 1485 ab
1474 1449 1587 1485 initio
1612 1448 1833 1498 itineribus,
1869 1448 2058 1498 nulloque
2089 1461 2162 1487 noc
2195 1448 2273 1485 diei
2302 1460 2378 1486 nec

330 1515 453 1552 noctis
478 1512 611 1551 habito
638 1512 871 1564 discrimine,
898 1511 1182 1565 percussoribus
1208 1509 1385 1551 Sullanis
1409 1519 1454 1550 ut
1477 1522 1518 1551 se
1540 1509 1801 1562 subtraheret,
1825 1513 1867 1550 in
1894 1509 2044 1551 Sabinis
2069 1513 2379 1563 circumvagatus

331 1587 405 1627 est3
432 1587 534 1631 tum,
558 1591 681 1630 quum
708 1592 847 1631 corpus
872 1592 920 1618 ex
946 1577 1084 1618 morbo
1110 1575 1338 1629 infirmum,
1361 1579 1415 1616 ita
1441 1578 1651 1629 quominus
1675 1585 1866 1629 pergeret,
1891 1576 2070 1629 obstaret,
2097 1576 2178 1616 dies
2205 1576 2379 1629 quidem,

329 1656 411 1683 uno
437 1643 656 1695 eodemque
680 1643 768 1682 loco
794 1642 971 1682 abditum
996 1655 1076 1682 sese
1102 1642 1317 1693 continuit,
1350 1648 1479 1698 quavis
1511 1650 1607 1680 vero
1631 1651 1735 1682 nocte
1759 1643 1802 1679 in
1828 1641 1947 1679 aliam
1982 1641 2148 1680 domum
2176 1649 2377 1693 transpor-

328 1707 496 1747 tandum
520 1721 560 1746 se
586 1710 749 1747 curavit.
806 1706 927 1762 Quod
952 1720 1043 1746 cum
1077 1720 1128 1746 ne
1159 1709 1213 1745 sic
1239 1705 1400 1758 quidem
1425 1706 1513 1745 satis
1545 1705 1695 1744 occulte
1721 1704 1807 1744 fieri
1831 1707 2036 1757 potuisset,
2072 1706 2218 1744 sactum
2245 1714 2302 1744 est
2331 1714 2377 1743 ut

327 1775 371 1812 in
395 1774 670 1824 inquisitorum
695 1785 834 1811 manus
859 1771 1058 1811 incideret.
1087 1794 1135 1803 —
1153 1771 1225 1826 ¹De
1249 1768 1438 1823 particula
1465 1768 1516 1809 δέ
1544 1778 1632 1821 post
1656 1771 1814 1809 voculas
1840 1765 1952 1815 εἶτα,
1978 1766 2138 1813 ἔπειτα,
2165 1770 2233 1808 ubi
2258 1783 2376 1822 prae-

331 1839 440 1877 cessit
464 1835 539 1881 μέν
565 1838 755 1876 constanti
780 1832 957 1876 sere‘usu
982 1837 1121 1875 omissa
1147 1835 1261 1874 adeas
1286 1833 1493 1874 Heindorf.
1518 1833 1623 1873 Plat.
1644 1832 1846 1875 Phaedon.
1870 1847 1910 1886 p.
1937 1835 1999 1873 86.
2050 1833 2101 1872 Ε.
2128 1832 2305 1885 Sophist.
2334 1847 2374 1885 p.

329 1904 423 1941 254.
452 1900 501 1942 C.
1191 1943 1195 1946 .

453 1971 752 2020 περιπίπτει
785 1966 1125 2019 στρατιώταις
1158 1967 1247 2005 τοῦ
1275 1961 1449 2005 Σύλλα
1477 1963 1888 2019 διερευνωμένοις
1921 1964 2083 2005 ἐκεῖνα
2108 1962 2169 2002 τὰ
2196 1971 2371 2017 χωρία.

328 2036 589 2085 περιπίπτειν
627 2035 705 2069 τινί
735 2045 827 2070 cum
859 2033 1079 2083 saepissime
1117 2030 1165 2069 de
1198 2032 1246 2069 iis
1279 2030 1447 2081 dicatur,
1484 2031 1552 2082 qui
1586 2038 1740 2082 praeter
1773 2032 1999 2082 opinionem
2030 2032 2083 2068 ita
2116 2029 2293 2069 incidunt
2330 2033 2374 2069 in

330 2109 417 2135 rem
442 2097 638 2149 aliquam,
670 2095 766 2134 haec
790 2103 835 2135 ut
859 2096 907 2134 ab
933 2097 1044 2135 omni
1069 2103 1179 2148 parte
1203 2107 1268 2134 eos
1294 2093 1532 2147 circumdet,
1562 2103 1720 2148 urgeat,
1745 2095 1950 2148 redituque
1974 2102 2119 2146 arceat,
2142 2095 2188 2133 ci:
2213 2094 2373 2133 formul.

328 2160 556 2213 νοσήμασι,
592 2165 751 2208 κακοῖς,
788 2163 1005 2215 συμφορᾷ,
1039 2158 1241 2213 θορύβοις
1274 2158 1412 2209 (Ches-
1440 2159 1583 2208 VIII.)
1617 2158 1787 2214 ὑποψίᾳ
1823 2160 1985 2211 (Pericl.
2012 2160 2122 2213 VII,
2155 2158 2305 2199 Sinten.
2331 2173 2373 2213 p.

327 2226 417 2275 87.)
455 2225 652 2273 κινδύνοις
685 2230 945 2279 περιπίπτειν
979 2247 1028 2255 -
1064 2233 1197 2266 nostro
1226 2225 1336 2277 loco,
1376 2239 1448 2266 usu
1481 2222 1785 2277 haudquaquam
1821 2226 1974 2278 vulgari
2007 2228 2060 2265 ita
2094 2234 2150 2265 est
2185 2227 2375 2277 positum,

329 2300 374 2330 ut
395 2290 607 2343 significet,
646 2293 850 2344 inopinato
875 2293 917 2330 in
942 2304 1082 2331 manus
1107 2291 1193 2330 aIIc.
1222 2290 1412 2344 incidere,
1447 2292 1534 2344 capi
1559 2290 1608 2330 ab
1633 2290 1780 2344 aliquo.
1808 2311 1858 2319 —
1894 2289 2023 2330 ἐκεῖνα
2048 2286 2101 2330 τά
2129 2295 2291 2343 χωρία,
2325 2303 2377 2330 sc.

330 2350 435 2394 δι’ὦν
461 2354 675 2405 ἐκομίζετο
703 2355 727 2395 ὁ
753 2355 944 2409 Καῖσαρ,
970 2356 1214 2397 Sabinorum
1238 2370 1361 2410 agros.

446 2419 752 2475 Κορνήλιον,
778 2420 985 2474 Phagitam
1011 2424 1260 2474 cognomine.
1287 2422 1336 2461 cf.
1362 2418 1521 2460 Sueton.
1546 2433 1579 2459 c.
1604 2419 1815 2460 LXXIV:
1855 2424 2051 2464 «Cornelio
2076 2424 2276 2474 ΡΙιαφῚαε,
2302 2433 2375 2459 cu-

326 2488 388 2539 jus
413 2485 613 2540 quondam
637 2493 845 2526 nocturnas
868 2485 1023 2527 insidias
1047 2499 1162 2540 aeger
1187 2494 1226 2528 et
1250 2487 1385 2539 latrem,
1414 2485 1454 2536 1)
1478 2498 1530 2525 ne
1555 2484 1829 2539 perduceretur
1853 2482 1903 2524 ad
1927 2482 2081 2539 Syllam
2107 2487 2174 2526 vix
2198 2486 2375 2538 praemio

382 2631 422 2672 ¹)
449 2630 493 2665 In
521 2630 605 2665 edit.
633 2629 840 2665 Graeviana
866 2633 937 2665 est:
978 2639 1095 2675 aegre
1121 2640 1166 2665 ae
1194 2630 1334 2674 bitem,
1369 2629 1495 2666 neseio
1524 2640 1596 2675 qua
1622 2627 1860 2676 auctoritate,
1894 2633 1995 2665 certe
2021 2630 2101 2665 sine
2126 2639 2248 2665 sensu.
2302 2631 2376 2666 Sed

448 2696 555 2730 etiam
583 2697 619 2731 in
646 2697 800 2741 vulgata
826 2697 921 2731 istud
949 2696 1116 2739 «wm‘
1142 2707 1248 2742 quam
1273 2696 1428 2733 maxime
1455 2696 1642 2741 displicet3
1678 2693 1711 2730 si
1738 2695 1833 2730 enim
1860 2695 2030 2731 latuisset
2057 2697 2214 2741 caesar,
2242 2699 2375 2741 eaptus

1864 2759 1882 2785 s
