2888 3347
2231 244 2347 292 XIII

367 372 438 417 τῆς
465 369 669 424 σωτηρίας
694 365 943 414 αἰτιώτατος
969 364 1174 418 γενέσθαι.
1227 366 1432 407 Demosth.
1466 373 1562 405 orat.
1595 364 1684 406 adv.
1709 365 1864 419 Leptin.
1890 365 2008 407 Tom.
2034 365 2070 407 1.
2100 379 2195 420 pag.
2229 368 2317 406 469.
2355 365 2415 406 ed.

365 434 473 487 Lips.
502 428 625 481 οὗτος
650 431 728 486 γάρ
755 430 858 487 ἀνήρ
884 434 961 473 τοῦ
986 430 1042 488 μή
1071 434 1132 481 τῷ
1159 430 1267 486 λιμῷ
1299 429 1462 478 πάντας
1485 429 1719 471 ἀποθανεῖν
1745 430 1999 479 αἰτιώτατος
2026 430 2188 482 ἐγένετο
2197 461 2210 484 ,
2248 440 2288 471 et
2313 444 2412 484 quae

366 500 460 540 huic
485 500 575 538 loco
608 498 807 539 simillima
833 497 883 538 ad
906 496 1086 551 Thucyd.
1114 497 1148 537 1.
1173 500 1240 537 74.
1277 496 1418 546 (Tom.
1448 496 1486 536 1.
1519 509 1559 549 p.
1589 497 1701 545 149.)
1737 494 1941 537 Goellerus
1972 510 2011 538 v.
2045 498 2136 537 clar.
2162 498 2346 537 excitavit
2371 510 2418 537 ex

373 565 542 604 Pausan.
568 563 837 616 t.l.p.382—
864 560 1039 611 ἐγεγόνει
1066 559 1111 602 δὲ
1137 563 1208 600 καὶ
1235 564 1318 601 τῶν
1343 561 1526 615 κηρύκων
1552 566 1639 608 τοῖς
1663 560 1857 602 ἐλθοῦσιν
1960 561 2193 602 ἀποθανεῖν
2219 559 2352 610 αἴτιος
2379 572 2419 602 et

371 643 413 682 p.
442 630 503 668 69.
528 629 598 667 καὶ
625 626 789 675 τούτοις
814 626 1155 677 (Termillensibus
1178 625 1250 674 sc.)
1276 622 1407 674 αἴτιός
1441 626 1526 668 ἐστι
1552 627 1734 674 Λυκίους
1760 622 1984 679 κεκλῆσθαι
2009 648 2060 656 —
2084 627 2213 680 plura,
2238 642 2338 681 quae
2364 628 2420 668 ibi

373 692 555 733 videnda.
588 693 718 733 Locus
749 701 883 733 autem
917 707 964 735 ex
999 693 1107 731 Plut.
1133 691 1272 743 Pelop.
1302 690 1384 741 vl,
1418 690 1472 729 ibi
1506 691 1645 730 allatus
1681 704 1763 730 non
1794 699 2006 744 repugnat,
2042 691 2109 731 ubi
2133 706 2226 732 cum
2252 693 2416 745 legatur,

369 754 466 804 τούς
499 756 712 810 Θηβαίους
754 754 939 812 μάλιστα
974 758 1207 802 συναιτίους
1239 751 1480 809 γενομὲνους
1513 758 1573 804 τῷ
1609 754 1729 811 δήμῳ
1765 759 1853 795 τοῦ
1892 757 2018 810 (quod
2051 766 2137 810 post
2171 757 2347 810 Haiting.
2379 767 2419 798 et

373 821 602 861 Goeuerum
628 823 703 860 erit
734 820 1063 874 expungendum)
1091 818 1326 866 κατελθεῖν,
1364 831 1447 857 non
1472 820 1512 858 id
1536 820 1663 860 dicere
1687 821 1772 861 vult
1797 824 1982 874 scriptor,
2017 822 2226 862 Thebanos
2258 835 2419 876 persua-

371 889 459 927 sisse
484 887 788 927 Atheniensibus
812 894 858 925 ut
881 885 1066 936 redirent,
1089 884 1278 924 redeundi
1303 884 1362 922 his
1386 884 1499 923 fuisse
1524 893 1709 936 auctores,
1732 887 1798 924 sed
1817 887 2077 926 Athenienses
2103 896 2148 925 ut
2173 888 2300 926 redire
2325 901 2420 939 pos-

370 960 475 1005 sent,
498 950 801 991 Atheniensibus
825 957 873 988 ut·
897 949 1024 989 redire
1049 949 1182 988 liceret.
1205 947 1486 988 Thebanorum
1512 952 1685 988 maxime
1712 964 1789 1002 ope
1814 960 1853 990 et
1878 952 2023 990 auxilio
2050 965 2128 991 esse
2153 952 2352 992 effectum.

492 1015 584 1054 Hoc
606 1018 639 1055 si
662 1017 804 1067 igitur,
836 1014 941 1053 haud
965 1016 1097 1067 paucis
1123 1013 1420 1066 comprobatum
1447 1014 1655 1066 exemplis,
1693 1022 1840 1053 constat
1855 1043 1867 1066 ,
1910 1017 1991 1066 jam
2018 1016 2135 1069 alius,
2173 1024 2213 1055 et
2235 1024 2280 1055 ut
2305 1018 2420 1069 equi-

371 1081 464 1120 dem
489 1093 620 1133 spero,
642 1080 844 1131 aliquanto
869 1080 1012 1118 melior
1037 1087 1210 1132 emerget
1223 1079 1518 1130 vocabulorum,
1544 1078 1593 1117 de
1613 1078 1751 1131 quibus
1775 1082 1939 1132 agimus,
1965 1094 2108 1133 sensus,
2133 1095 2253 1134 quem
2273 1082 2422 1122 huncce

373 1159 453 1185 esse
477 1153 604 1197 puto:
633 1144 740 1184 Illud
765 1158 875 1196 vere,
889 1152 1048 1196 propter
1074 1144 1181 1196 quod
1199 1143 1340 1184 Caesar
1365 1142 1497 1195 Syllae
1522 1146 1669 1183 invisus
1694 1153 1789 1195 erat,
1813 1147 1855 1183 in
1881 1144 2013 1197 Syllae
2038 1147 2176 1185 odium
2201 1155 2317 1198 atque
2342 1150 2423 1186 ini·

371 1211 560 1249 micitiarn
587 1215 768 1262 venerat,
793 1221 921 1249 caussa
944 1208 1072 1249 infesti
1097 1206 1238 1264 Syllae
1263 1209 1306 1248 in
1320 1206 1527 1248 Caesarem
1552 1208 1674 1248 animi
1701 1216 1772 1249 etc.
1798 1230 1848 1237 —
1873 1208 1922 1249 Id
1947 1211 2065 1263 igitur
2089 1210 2321 1265 digressione
2346 1211 2420 1252 hac

372 1274 703 1325 haudquaquam,
728 1283 772 1312 ut
797 1275 974 1325 videtur,
998 1274 1129 1312 inutili
1152 1276 1311 1312 assecuti
1335 1285 1481 1323 sumus,
1506 1274 1612 1325 quod
1637 1276 1933 1313 enunciatorum
1959 1288 2062 1313 nexu
2087 1284 2206 1327 atque
2231 1279 2422 1329 conjunc-

371 1340 479 1378 tione
506 1337 762 1391 efflagitatur;
790 1338 895 1390 quod
921 1351 1012 1378 cum
1038 1339 1157 1376 etiam
1182 1337 1231 1375 ab
1254 1349 1325 1375 usu
1350 1337 1507 1387 linguae
1534 1338 1779 1389 comprobari
1806 1338 2113 1378 demonstratum
2139 1342 2209 1392 sit,
2235 1341 2284 1379 de
2309 1343 2420 1392 prio-

370 1416 461 1443 rum
495 1405 757 1456 interpretum
792 1403 860 1442 illa
885 1410 924 1442 et
948 1402 988 1441 h.
1012 1401 1039 1441 L
1064 1409 1103 1441 et
1129 1401 1335 1454 superioris
1369 1400 1625 1452 explicatione
1658 1402 1825 1453 amplius
1863 1402 1968 1442 haud
1993 1404 2266 1445 laborabimus.
2308 1405 2420 1446 Nam

370 1465 606 1518 ἀπέχθειαν
632 1467 868 1507 vocabulum
893 1468 1050 1519 proprie
1089 1479 1172 1505 non
1196 1464 1410 1518 significare
1437 1465 1544 1516 quod
1569 1467 1654 1517 quis
1691 1474 1846 1517 pectore
1871 1471 2093 1521 conceperit
2117 1469 2254 1508 odium
2279 1472 2322 1509 in
2346 1471 2422 1510 ali-

374 1546 507 1585 quem,
530 1532 597 1571 sed
623 1534 704 1585 ejus
730 1540 874 1571 statum
899 1540 1018 1584 atque
1043 1531 1324 1582 conditionem,
1350 1533 1418 1581 qui
1442 1530 1559 1568 alicui
1577 1539 1632 1569 est
1644 1532 1801 1582 invisus,
1827 1534 1888 1571 ber
1916 1533 1981 1571 mit
2008 1533 2119 1573 tinem
2145 1535 2340 1583 vetfcittbet
2366 1536 2421 1580 ist,

375 1597 448 1647 (cf.
473 1597 594 1637 modo
619 1598 743 1649 sIgnif.
769 1597 878 1638 verb.
902 1593 1231 1647 ἀπεχθάνεσθαι
1256 1603 1296 1635 et
1316 1595 1391 1647 adj.
1416 1594 1638 1648 α’πεχθής)
1675 1604 1792 1648 atque
1816 1611 1990 1650 praepos.
2018 1600 2125 1650 πρός
2149 1613 2182 1639 c.
2208 1614 2331 1641 accus.
2355 1615 2422 1642 so-

372 1662 551 1701 lemnem
578 1675 657 1702 esse
685 1663 818 1701 locum
833 1690 845 1713 ,
872 1661 939 1700 ubi
964 1661 1006 1699 id
1030 1669 1187 1714 agatur,
1211 1668 1257 1700 ut
1281 1673 1381 1713 quae
1405 1661 1508 1699 inter
1532 1660 1628 1700 duos
1653 1662 1833 1713 pluresve
1858 1672 2019 1702 mutuae
2039 1665 2280 1705 intercedant
2299 1670 2423 1706 ratio-

374 1740 443 1767 nes
470 1727 542 1775 (cf.
566 1728 680 1766 form.
708 1724 1016 1779 διαβεβλῆσθαι
1041 1723 1147 1778 πρός
1182 1725 1295 1774 τινα)
1327 1724 1585 1776 explicentur,
1619 1739 1710 1767 cum
1744 1728 1848 1766 inter
1881 1741 2017 1768 omnes
2050 1738 2215 1781 constet,
2249 1745 2330 1772 non
2364 1742 2422 1773 est

375 1792 480 1845 quod
506 1799 589 1831 acta
613 1793 736 1831 acturi
760 1790 934 1843 pluribus
959 1790 1271 1843 comprobemus.

490 1868 550 1910 ‘H
570 1869 700 1924 πρὸς
730 1866 933 1923 Μάριον
962 1866 1223 1923 οἰκειότης
1248 1877 1321 1909 etc.
1368 1867 1523 1911 Eadem
1560 1870 1608 1911 de
1635 1869 1805 1913 Caesaris
1838 1887 1928 1914 cum
1955 1874 2082 1916 Mario
2109 1877 2298 1919 affinitate
2323 1893 2420 1920 nar-

376 1935 627 1975 ranturPlut.
641 1935 742 1973 Mar.
757 1935 832 1972 Vl.
858 1934 1167 1986 Vellej.Paterc.
1188 1934 1245 1985 11,
1268 1937 1332 1972 41.
1352 1955 1403 1963 —·
1427 1933 1622 1986 Ἰουλίᾳ
1650 1934 1740 1991 γάρ
1845 1936 1868 1977 ὁ
1897 1940 2239 1993 πρεσβύτερος
2267 1944 2420 1993 ⁶⁸¹³&-

375 2012 447 2039 κει
477 1997 534 2036 M
536 1998 695 2048 άριος.
740 1999 848 2036 Male
873 2013 940 2036 me
965 1999 1081 2036 habet
1106 1999 1379 2050 imperfectum
1407 1999 1455 2036 de
1481 2000 1600 2037 Marii
1625 2004 1782 2052 majoris
1807 2016 1897 2041 cum
1912 2004 2021 2042 Julia
2046 2009 2313 2059 matrimonio,
2340 2021 2418 2060 quo

374 2074 568 2118 tempore,
592 2077 692 2117 quae
719 2063 783 2103 hic
806 2071 1033 2115 narrantur,
1068 2063 1167 2104 facta
1192 2072 1304 2116 sunt,
1335 2066 1420 2115 jam
1446 2064 1597 2105 dudum
1624 2068 1705 2106 vita
1731 2066 1912 2107 defuncti.
1965 2068 2097 2123 Quare
2123 2085 2213 2110 cum
2244 2087 2345 2124 quae
2371 2074 2420 2113 de

376 2132 489 2170 vario
523 2129 633 2182 imps.
666 2142 738 2168 usu
774 2131 876 2167 inter
911 2142 1047 2168 omnes
1072 2137 1270 2181 constant,
1304 2142 1482 2182 quaeque
1518 2130 1709 2171 Baehrius
1745 2133 1794 2171 ad
1820 2133 1976 2187 Philop.
2006 2134 2085 2174 ΙΙΙ.
2119 2150 2158 2189 p.
2185 2139 2245 2176 13.
2274 2148 2423 2192 annon,

378 2195 546 2235 Heldius
579 2194 629 2234 ad
654 2194 947 2234 Timoleontem
974 2193 1186 2247 XXXIV,
1217 2208 1257 2247 p.
1282 2197 1372 2234 485.
1399 2195 1448 2234 de
1474 2196 1513 2234 h.
1539 2199 1726 2249 temporis
1763 2212 1835 2237 usu
1861 2200 1965 2252 apud
1990 2201 2094 2240 Plut.
2121 2204 2232 2242 latius
2258 2213 2419 2256 patente

378 2261 610 2312 docuerunt,
634 2260 710 2300 huc
735 2260 930 2300 transferri
954 2272 1036 2300 non
1060 2262 1217 2313 possint,
1242 2260 1369 2300 collat.
1394 2261 1470 2301 loc.
1500 2275 1546 2300 ex
1573 2260 1683 2302 Caes.
1708 2266 1829 2304 nostri
1856 2278 1888 2303 c.
1903 2265 1959 2317 X,
1985 2266 2051 2305 ubi
2076 2268 2193 2307 simili
2219 2270 2262 2308 in
2289 2283 2421 2311 caussa

377 2328 540 2379 legitur:
576 2321 602 2379 ἢ
627 2324 885 2374 Λευκούλλῳ
914 2326 957 2374 ¹)
986 2324 1265 2379 συνῳκήκει
1291 2348 1339 2355 -
1368 2335 1412 2365 ut
1436 2336 1569 2365 nostro
1605 2341 1761 2380 quoque
1786 2330 1874 2368 loco
1909 2331 2072 2383 plusqpf.
2099 2334 2321 2387 συνῳκήκει
2354 2350 2421 2375 re-

377 2394 557 2432 stituatur
581 2399 716 2431 auctor
740 2404 848 2442 sum,
875 2391 980 2443 quod
1005 2399 1045 2430 et
1071 2391 1121 2431 ad
1144 2404 1300 2432 sensum
1326 2400 1381 2431 est
1405 2395 1662 2432 necessarium
1689 2395 1762 2433 nec
1787 2407 1809 2433 a
1832 2395 2150 2447 palaeographica
2177 2400 2329 2439 ratione
2353 2402 2420 2439 ul-

430 2550 471 2594 ¹)
497 2552 541 2585 In
566 2549 769 2584 nominibus
798 2550 1089 2584 Chaeronensem
1117 2551 1178 2586 hie
1205 2552 1281 2586 illie
1308 2562 1451 2586 errasse
1479 2553 1610 2597 negari
1637 2553 1781 2597 nequit3
1821 2563 1933 2596 quare
1969 2554 2000 2588 si
2031 2556 2112 2598 quis
2148 2567 2281 2591 morem
2310 2560 2421 2594 vellet

500 2625 633 2660 gerere
660 2614 912 2659 Schmiedero,
953 2615 1035 2660 qui,
1075 2626 1158 2651 eum
1184 2628 1231 2652 ex
1264 2618 1452 2653 Ciceronis
1479 2619 1654 2653 Coeliana
1680 2619 1773 2652 XIII
1799 2621 1835 2651 et
1863 2619 1956 2653 XVI
1984 2625 2144 2665 constet,
2183 2624 2351 2661 Clodiam
2377 2626 2419 2666 0.

496 2679 633 2718 Metelli
658 2679 798 2715 celeris
824 2680 943 2713 fuisse
969 2689 1143 2725 uxorem,
1171 2692 1236 2725 pro
1261 2676 1514 2726 Λευκούλλῳ
1542 2701 1592 2707 -
1619 2676 1827 2727 ,Μετέλλῳ
1855 2693 1939 2717 esse
1967 2686 2225 2729 corrigendum
2252 2688 2422 2733 conjecit,

492 2744 567 2786 jam
600 2746 644 2778 ob
681 2744 717 2777 id
744 2753 970 2787 summopere
1004 2746 1038 2778 ei
1066 2748 1264 2781 verendum
1296 2750 1412 2791 esset,
1453 2757 1497 2781 ne
1525 2749 1617 2781 Plut.
1651 2747 1795 2791 verius,
1835 2758 1943 2824 quat}
1977 2749 2207 2785 librariorum
2240 2754 2418 2796 quendam

654 3334 693 3347 A
