2887 3332
526 222 592 264 v!

463 340 594 377 valere
622 339 826 387 videntur;
867 342 907 378 in
943 352 1022 391 quo
1054 338 1349 391 praepositionis
1382 338 1454 377 ἐπί
1488 337 1632 389 ubique
1665 350 1727 377 eas
1752 344 1887 389 putem
1923 349 2002 377 esse
2027 339 2150 389 vices,
2190 347 2234 379 ut
2265 342 2503 392 superiorem

462 413 621 455 statum,
645 408 953 455 erectioremque
979 416 1095 456 super
1121 404 1216 442 alios
1233 405 1338 442 vitae
1363 401 1642 454 conditionem,
1668 416 1743 453 qua
1769 404 1893 443 victor
1916 404 2052 453 utitur,
2075 415 2147 454 per
2158 405 2355 457 prolepsin
2381 418 2507 457 quan-

463 469 556 508 dam
582 471 737 521 innuat,
762 468 1008 523 eandemque
1033 468 1151 521 plane
1176 468 1316 507 habeat
1342 469 1443 517 vim,
1485 479 1603 519 quam
1629 469 1671 506 in
1698 467 1909 506 vernaculo
1934 479 2114 507 sermone
2146 468 2364 519 praefixum
2392 470 2507 509 illud:

464 535 506 572 ob
534 536 843 585 incompositis:
871 533 1113 580 obbcrrsdyen
1129 560 1142 579 r
1170 534 1392 578 obmntten'
1429 531 1608 580 obfiegen
1635 543 1678 570 xc.
1705 531 1847 570 habere
1881 545 2017 571 omnes
2057 533 2274 572 concedunt
2299 534 2355 584 ¹).
2383 558 2432 566 -
2456 536 2507 573 Et

464 599 635 636 absolute
661 598 825 650 quidem
851 600 967 650 positi
993 598 1172 650 exempla
1200 597 1290 636 inde
1317 596 1365 634 ab
1380 595 1561 635 Homero
1588 594 1769 635 omnibus
1793 595 1918 648 graeci
1944 598 2132 635 sermonis
2157 598 2403 648 scriptoribus
2430 600 2508 638 sre-

460 664 734 713 quentissima,
772 663 818 701 cf.
857 663 983 701 Hom.
1024 661 1165 715 Odyss.
1195 660 1348 711 xvu,
1381 662 1484 699 320:
1521 654 1602 701 εὖτ’
1641 660 1690 699 ἀν
1729 659 1866 715 μηκέτ’
1903 658 2283 713 ἐπικρατέωσιν
2322 660 2507 711 ἄνακτες.

464 726 555 766 Ilias
581 726 707 778 XIV,
731 730 801 766 98:
829 724 923 778 ὄφρ’
947 723 1006 766 ἔτι
1040 724 1203 780 μᾶλλον
1245 723 1380 778 Τρωσὶ
1416 722 1489 778 μὲν
1517 724 1641 764 εὐκτά
1681 725 1842 778 γένηται
1870 724 2240 776 ἐπικρατέουσί
2265 735 2343 776 περ
2363 723 2507 780 ἔμπης.

465 791 617 830 Herod.
644 791 681 842 i,
707 792 790 829 173.
818 787 875 835 ὠς
902 786 1220 843 ἐπεκράτησε
1246 790 1296 841 τῇ
1324 786 1463 829 στάσει
1493 786 1653 836 Μίνως.
1683 811 1730 817 -
1762 789 1901 843 Polyb.
1927 789 1982 835 V,
2010 790 2072 842 69,
2097 791 2133 828 9.
2185 785 2276 828 Τῶν
2304 785 2346 829 δὲ
2375 790 2509 839 πεζῶν

465 854 512 894 τὸ
539 853 612 909 μὲν
639 858 804 907 πρῶτον
833 852 1157 908 ἐπεκράτουν
1184 854 1225 892 οἱ
1254 857 1327 893 τοῦ
1343 851 1582 900 Νικολάου,
1611 854 1988 906 Schweighaeusero
2013 854 2241 894 adnotante:
2267 855 2333 906 „in
2362 856 2511 905 proelio

463 922 635 960 absolute
671 923 841 972 positum
879 920 955 958 hoc
993 918 1229 959 vocabulum
1269 928 1325 958 est
1361 921 1564 959 victoriam
1603 917 1823 973 reportare“
1858 941 1907 948 --
1961 919 2096 968 (reete
2132 919 2292 972 quidem
2326 918 2431 970 quod
2465 921 2513 958 ad

466 993 639 1028 aot-istum
665 988 802 1025 attinet
836 994 1013 1038 tempus,
1047 985 1163 1037 salso,
1194 987 1225 1025 si
1260 984 1309 1024 de
1334 989 1541 1039 imperfecto
1576 988 1718 1038 cogitat
1751 988 1813 1025 vir
1836 986 1952 1035 elan,
1989 996 2068 1038 quo
2092 994 2270 1038 tempore
2295 984 2512 1024 adhibitum

465 1065 686 1104 numquam
719 1065 801 1091 non
834 1059 978 1091 statum
1006 1053 1162 1090 vIctoris
1199 1051 1407 1100 denotans,
1441 1050 1545 1088 idern
1575 1059 1630 1089 est
1657 1051 1780 1102 quod:
1824 1052 2016 1090 victorem
2043 1061 2139 1098 esse3
2177 1049 2224 1088 cf.
2250 1063 2349 1102 quae
2373 1051 2514 1088 similia

462 1116 510 1155 de
539 1117 648 1156 verbi
674 1115 864 1166 κατέχειν
889 1115 1044 1166 imperf.
1071 1122 1110 1153 et
1135 1117 1264 1153 aorist.
1291 1117 1401 1153 vario
1427 1127 1499 1152 usu
1526 1115 1728 1153 adnotavit
1749 1113 1933 1154 Halmius
1953 1128 2064 1154 meus
2090 1117 2151 1153 in:
2179 1115 2426 1155 (Sti-memarb.
2453 1117 2512 1153 ber

465 1192 516 1231 gt.
539 1180 694 1228 &untur
708 1194 747 1232 p.
763 1183 826 1230 14,
838 1180 926 1228 28.)
956 1180 1129 1231 Appian.
1143 1180 1232 1218 bell.
1246 1179 1350 1217 civil.
1368 1179 1384 1217 I
1404 1193 1453 1231 .p.
1468 1181 1542 1217 389
1561 1194 1570 1217 ε
1598 1176 1716 1231 παρά
1734 1179 1862 1230 δόξαν
1879 1176 1923 1219 δὲ
1940 1177 2045 1231 ὁρῶν
2060 1176 2108 1219 τὸ
2124 1176 2318 1233 τόλμημα
2334 1183 2414 1218 τῶν
2430 1179 2513 1217 ὀλι-

469 1244 658 1296 γωτέρων
689 1244 1017 1297 ἐπικρατοῦν.
1065 1244 1216 1282 Herod.
1245 1244 1322 1295 lv,
1350 1245 1438 1281 119.
1464 1248 1534 1280 καί
1561 1256 1641 1289 κως
1669 1240 1715 1281 τὸ
1744 1239 1906 1297 οὔνομα
1934 1245 2059 1282 τοῦτο
2086 1240 2423 1296 ε’πεξκράτησε,
2449 1243 2515 1280 ubi

470 1309 559 1348 vide
583 1311 631 1348 sis
648 1308 791 1348 Baehr.
806 1316 846 1347 et
864 1307 1106 1348 Creuzer.-
1130 1307 1234 1347 Cum
1260 1309 1436 1359 genitivo
1464 1309 1717 1357 conjunctum
1743 1316 1875 1346 nostro
1900 1308 2204 1359 usitatissimum,
2221 1306 2266 1347 cf.
2281 1306 2389 1347 Caes.
2398 1307 2515 1346 XVI.

468 1375 535 1411 καὶ
563 1375 638 1412 τοῦ
665 1371 854 1425 σκάφους
882 1370 1207 1426 ἐπεκράτησε.
1236 1371 1379 1423 Pomp.
1406 1370 1615 1409 XXVIII.
1663 1368 1792 1417 Τέλος
1819 1369 1863 1411 δὲ
1892 1368 2133 1426 πέμψαντες
2161 1372 2362 1427 ἱκετηρίας
2388 1370 2514 1425 παρέ-

526 1532 564 1572 ι)
593 1532 773 1566 Baehrius
800 1543 834 1564 v.
863 1533 907 1565 cl.
935 1532 982 1564 ad
1010 1531 1181 1564 Herodot.
1208 1531 1257 1572 11,
1292 1530 1326 1562 1.
1353 1530 1415 1563 ubi
1442 1530 1534 1562 liaeo
1562 1529 1752 1572 leguntur:
1780 1525 1849 1565 ἐπὶ
1875 1523 1920 1565 δέ
1946 1522 2156 1573 Αἴγυπτον
2182 1525 2368 1566 ἐποιέετο
2396 1538 2516 1580 στρα-

592 1590 791 1645 τηλασίην
819 1589 1080 1646 (Καμβύσης
1104 1589 1180 1639 sc.)
1206 1585 1363 1638 ἄλλους
1396 1603 1439 1629 τε
1473 1586 1764 1643 παραλαβών,
1804 1583 1861 1627 ὦν
1888 1580 1988 1644 ἦρχε
2021 1590 2089 1628 καὶ
2117 1587 2166 1644 δη
2195 1591 2265 1628 καὶ
2288 1589 2517 1644 “Ελλη’νων,

592 1659 673 1694 τῶν
700 1653 1001 1706 ἐπεκράτεε,
1029 1657 1357 1699 Wyttenbachium
1384 1658 1541 1700 probare
1568 1657 1725 1701 videtur,
1754 1658 1790 1691 in
1805 1658 1938 1692 Select.
1965 1658 2121 1695 Historr.
2146 1668 2181 1702 p.
2207 1658 2292 1693 370.
2319 1652 2379 1693 ἐπ
2388 1665 2517 1707 ικρα-

592 1723 693 1759 τεῒν
730 1733 801 1757 non
837 1726 909 1757 tam
944 1725 1151 1774 imperare,
1190 1731 1299 1766 quum
1334 1725 1485 1773 insuper
1518 1725 1704 1773 imperare
1730 1707 2189 1766 significati-emonentem
2226 1723 2323 1766 quod
2355 1722 2520 1765 equidem

595 1789 690 1823 haud
720 1787 853 1831 optime
881 1790 1020 1821 factum
1048 1789 1181 1830 putem.
1214 1787 1310 1821 Nam
1336 1786 1436 1819 illam
1463 1797 1580 1821 novae
1607 1787 1796 1831 cujusdam
1824 1786 2050 1821 accessionis
2076 1786 2384 1831 significationem
2408 1797 2520 1829 prae-

592 1854 696 1897 posit.
723 1847 793 1887 ἐπὶ
824 1853 859 1885 in
888 1852 932 1885 iis
953 1854 1093 1885 tantum
1120 1851 1332 1894 compositis
1359 1851 1494 1885 habere
1525 1851 1790 1895 contenderim,
1825 1861 1919 1895 quae
1946 1851 2069 1886 activo
2096 1852 2155 1885 vel
2181 1851 2371 1885 transitivo
2399 1851 2520 1894 potius

594 1921 776 1962 ponuntur
803 1926 936 1960 sensu,
959 1919 998 1950 ut
1020 1909 1335 1967 ἐπιλαμβάνειν,
1362 1910 1605 1960 ἐπιδιδόναι,
1628 1911 1906 1968 ἑπιδιζῇσθαι,
1926 1909 2217 1965 ἐπορέγεσθαι,
2248 1916 2314 1957 (ad
2340 1917 2436 1960 quod
2456 1926 2518 1949 re-

595 1983 763 2026 spexisse
777 1981 922 2015 videtur
935 1981 1065 2016 Baehr.
1092 1981 1226 2016 Herod.
1241 1982 1307 2025 lx,
1329 1979 1408 2025 34.)
1436 1975 1703 2025 ἐπικτᾶσθαι,
1717 1982 1790 2016 alia
1813 1998 1863 2005 -
1895 1991 1966 2016 non
1980 1981 2165 2017 haberein
2185 1981 2242 2026 iis,
2269 1991 2361 2025 quae
2387 1984 2519 2015 statum

593 2048 771 2090 quendam
799 2045 955 2088 subjecti
969 2045 1049 2079 sive
1064 2046 1308 2079 conditionem
1335 2045 1501 2090 innuunt,
1529 2046 1566 2079 in
1593 2056 1745 2090 quorum
1772 2055 1920 2081 numero
1946 2047 2095 2081 verbum
2122 2041 2364 2097 ἐπικρατεῖν,
2383 2046 2519 2090 imper-

593 2113 694 2146 fecto
722 2115 883 2154 tempore
912 2110 944 2144 si
970 2111 1128 2155 ponitur,
1155 2111 1361 2144 habendum
1389 2120 1482 2154 esse,
1510 2114 1593 2153 post
1621 2121 1678 2154 ea,
1706 2121 1799 2154 quae
1827 2121 1938 2155 supra
1966 2111 2244 2155 disputavimus⁷
2271 2112 2416 2144 dubium
2443 2121 2522 2144 am-

593 2175 692 2219 plius
721 2184 793 2208 non
819 2174 898 2208 erit.
949 2175 1029 2209 Nee
1064 2175 1179 2209 ullum
1213 2174 1325 2208 alium
1361 2173 1517 2207 inveniri
1553 2185 1661 2218 posse
1688 2176 1840 2221 jocum,
1875 2185 1946 2219 quo
1981 2177 2130 2210 verbum
2156 2176 2304 2220 aliquod
2331 2177 2523 2220 regnandi,

598 2239 821 2283 imperandi,
866 2238 927 2272 illa
955 2249 987 2272 o.
1015 2238 1286 2282 praepositione
1314 2239 1567 2284 conjunctum,
1595 2249 1667 2283 qua
1694 2240 1772 2274 vult
1797 2240 1850 2275 W
1853 2241 1989 2283 yttenb.
2015 2240 2159 2275 notione
2186 2240 2421 2285 adhibeatur,
2458 2251 2523 2284 pro

599 2309 697 2338 certo
725 2304 948 2338 affirmarim.
1002 2304 1040 2336 Is
1068 2304 1212 2346 quidem
1239 2305 1356 2347 loeus,
1385 2314 1490 2347 quem
1517 2314 1628 2337 unum
1655 2304 1727 2337 huo
1752 2305 1896 2338 trahere
1923 2304 2057 2347 aliquis
2082 2308 2229 2348 posset,
2269 2306 2421 2339 Isocrat.
2449 2307 2524 2338 Pa-

598 2377 725 2412 negyr,
754 2378 784 2402 c.
812 2367 989 2404 XXXIX.
1022 2358 1127 2403 ὥστε
1158 2361 1255 2411 τούς
1288 2363 1535 2417 ἀφεστῶτας
1568 2363 1710 2418 μηκέτι
1737 2361 1809 2417 τῂν
1836 2361 2076 2417 ἐλευθερίαν
2102 2365 2298 2416 α’γαπᾷν,
2323 2362 2417 2407 ἀλλ’
2441 2361 2520 2420 ἤδη

595 2429 663 2466 καὶ
690 2431 772 2465 τῶν
799 2427 967 2484 ὁμόρων
994 2428 1125 2482 ζητεῖν
1158 2427 1429 2480 ἐπάρχειν,
1457 2434 1589 2477 optime
1617 2443 1663 2467 ex
1690 2434 1839 2479 vulgari
1866 2434 1976 2478 hujus
2002 2436 2128 2470 vocab.
2162 2436 2309 2471 notione
2343 2434 2521 2479 explicari

599 2497 752 2540 poterit;
790 2497 969 2541 Aegyptii
1006 2497 1154 2531 scilicet
1187 2508 1259 2532 non
1289 2498 1362 2541 jam
1391 2499 1463 2542 ipsi
1490 2499 1587 2544 quod
1615 2503 1738 2533 essent
1760 2499 1865 2534 liberi
1893 2500 2293 2552 contenti,'imperium
2318 2500 2356 2534 in
2381 2499 2521 2534 vicinos

600 2572 688 2595 suos
710 2562 950 2594 affectabant.
1003 2563 1045 2595 In
1071 2562 1155 2595 loeo
1182 2564 1303 2595 autem
1323 2564 1528 2598 Herodoteo
1556 2564 1737 2597 vocabulo
1758 2559 2043 2613 ἐπικρατεῖν
2069 2563 2258 2609 imperium
2285 2564 2322 2597 in
2349 2564 2524 2608 Graecos,

601 2630 782 2669 tamquam
810 2625 921 2659 armis
949 2630 1100 2668 partum,
1129 2630 1238 2669 atque
1264 2626 1299 2659 id
1328 2628 1417 2671 fere,
1445 2629 1542 2671 quod
1568 2639 1635 2663 nos
1662 2626 1945 2673 Dbetbetriicbfcit
1958 2639 2143 2673 vocamus,
2170 2631 2261 2663 bene
2289 2630 2420 2672 opponi
2450 2641 2520 2673 pu-

599 2695 668 2723 tem
695 2688 821 2739 άρχῇ,
847 2698 963 2733 regno
991 2690 1166 2735 legitimo.
1197 2691 1291 2734 quod
1320 2691 1355 2724 in
1384 2693 1527 2738 Persas⁷
1555 2694 1751 2737 populares
1776 2703 1876 2737 suos,
1903 2695 2100 2728 exercebat
2126 2695 2320 2728 Persarum
2342 2703 2416 2726 rex.

2481 2762 2489 2780 t
