2922 3332
2271 206 2336 252 tx

349 331 418 370 sati
459 331 536 369 sim
560 329 604 367 in
628 324 856 378 explicando
881 324 955 364 hoc
986 325 1073 363 loco
1107 325 1181 363 viri
1207 322 1415 363 doctissimi
1439 335 1690 375 summopere
1722 324 1939 364 verendum
1965 334 2032 365 est.
2085 325 2266 366 Primum
2294 332 2401 369 enim

358 393 579 442 ἀποσπᾷν,
603 391 709 430 idem
726 403 879 443 prorsus
904 389 1010 441 quod
1035 389 1137 441 apud
1150 388 1308 428 Latinos
1334 394 1503 435 avellere,
1525 391 1609 427 sive
1633 391 1791 440 proprio
1818 392 1978 441 ponitur
2004 404 2130 442 sensu,
2153 393 2237 430 s1ve
2256 394 2406 432 tralati-

360 461 434 511 cio,
459 471 548 497 eam
573 455 718 509 ubique
743 469 829 496 rem
853 468 921 495 seu
945 467 1151 508 personam
1173 454 1313 507 objecti
1339 454 1425 493 loco
1450 453 1523 493 sibi
1548 452 1665 493 habet
1683 453 1917 506 adjunctam,
1943 457 1983 494 in
2011 469 2129 508 quam
2158 455 2204 496 fit
2223 459 2406 509 impetus,

360 524 580 575 diriguntur
605 530 764 561 conatus
790 523 892 573 ejus,
925 522 994 572 qui
1018 520 1096 559 duo
1121 520 1188 559 vel
1213 520 1338 571 plura,
1362 521 1567 570 conjuncta
1593 521 1718 571 prius,
1756 520 1942 569 disjuncta
1968 522 2055 560 vult
2081 523 2143 561 vel
2171 522 2400 562 abalienata.

360 590 407 629 cf.
433 588 583 628 Herod.
610 587 644 639 l,
669 590 731 626 17.
765 582 862 627 οὔτε
898 584 1033 638 θύρας
1073 583 1305 633 ἀπέσπα,
1343 586 1448 637 quod
1482 587 1646 624 recurrit
1673 584 1759 636 ΙΙΙ,
1786 587 1871 625 159.
1896 586 1964 623 καὶ
1991 583 2067 633 wig
2091 585 2228 634 πύλας
2256 588 2401 636 πάσας

360 651 659 695 ἀπέσπασε;
696 651 803 690 Plut.
831 650 920 691 Cat.
948 664 1006 689 m.
1034 648 1126 688 XL.
1158 647 1277 688 Ἐπεὶ
1304 647 1348 689 δὲ
1375 647 1562 701 Ιίικὲρων
1587 672 1638 679 -
1676 647 1753 697 τοὶς
1783 647 2043 703 ’δημαρχικὰς
2077 650 2266 700 δέλτους,
2301 649 2352 701 ἅς
2378 651 2403 691 ὁ

362 715 558 766 Κλώδιος
582 713 731 770 ἔθηκεν
757 713 1007 768 ἀναγράψας
1032 712 1090 759 εἰς
1108 711 1157 751 τὸ
1178 712 1429 753 καπιτώλιον
1455 714 1733 756 ἀπέσπασε
1758 715 1851 765 βίᾳ.
1892 716 2257 769 Pomp.LXXV1.
2283 716 2403 759 οὐδὲν

362 779 440 833 γὰρ
467 781 696 834 ἁμάρτημα
729 779 948 833 Πομπηΐου
974 777 1113 831 μεῖζον
1136 799 1183 806 -
1223 777 1248 829 ᾐ
1284 776 1333 817 τὸ
1369 777 1440 832 τήν
1473 778 1612 832 μάχην
1645 775 1756 819 οὕτω
1791 778 1953 833 μακράν
1984 781 2404 822 ἀποσπάσασθαι

365 850 435 899 τῆς
468 850 655 900 ναυτικῆς
693 845 911 898 βοηθείας.
967 843 1070 883 lbid.
1106 842 1203 882 Lll.
1240 842 1296 882 Oi
1331 839 1375 883 δὲ
1412 842 1506 894 περὶ
1534 841 1755 898 Πομπήϊον
1792 843 2051 897 φοβηθέντες
2085 843 2156 885 τὸν
2183 846 2304 884 τόνον
2330 853 2406 887 ros.

360 908 573 963 Κάτωνος,
597 907 653 965 μή
681 906 753 965 τήν
779 906 937 961 βουλήν
962 903 1071 960 ἔχων
1090 904 1262 948 ἅπασαν
1287 906 1569 960 ἀποσπάσῃ
1597 910 1665 948 καὶ
1687 906 1907 962 μεταβάλῃ
1934 911 2010 949 τοῦ
2036 908 2170 963 δήμου
2196 910 2245 951 τὸ
2273 909 2402 961 ὑγιαῖ·

363 989 449 1023 νον,
484 985 554 1015 etc.
583 998 631 1004 —
662 974 845 1025 Accedit,
880 973 986 1026 quod
1011 973 1241 1013 Plutarchus
1276 975 1395 1013 etiam
1421 973 1499 1012 alio
1523 972 1610 1012 loco
1635 973 1742 1012 idem
1768 973 1943 1013 adhibuit
1967 974 2229 1028 vocabulum,
2260 977 2328 1015 ubi
2353 977 2402 1016 de

361 1053 493 1094 uxore,
518 1042 661 1081 marito
687 1042 833 1092 invito,
865 1040 931 1078 alii
956 1039 1111 1079 cuidam
1137 1039 1362 1093 desponsata
1387 1039 1581 1092 loquitur,
1621 1041 1664 1078 in
1690 1038 1828 1078 Sullae
1853 1041 1921 1080 vit.
1954 1053 1987 1079 c.
2013 1040 2237 1081 xxxlu.
2290 1042 2404 1095 Πομ,

365 1105 492 1159 πήϊόν
518 1104 562 1154 γὲ
590 1116 654 1144 τοι
678 1104 940 1150 βουλόμενος
958 1102 1255 1142 οἰκειώσασθαι
1280 1117 1315 1142 τ.
1333 1103 1525 1153 ΙΙῙάγνον,
1552 1101 1600 1157 ἢν
1618 1099 1691 1155 μὲν
1711 1098 1795 1153 εἶχε
1811 1102 1990 1157 ’γαμετὴν
2011 1104 2177 1156 ἀφεῖναι
2201 1105 2406 1159 προσέτα.

359 1169 424 1220 ξεν
442 1198 454 1216 ,
495 1167 691 1210 Αἰμιλίαν
717 1165 761 1208 δὲ
790 1165 1222 1222 Σκαύρουῐθυγατέρα
1248 1169 1318 1207 καὶ
1347 1165 1566 1221 Μετέλλης
1592 1171 1664 1222 τῆς
1689 1166 1842 1209 ἑαυτοῦ
1867 1165 2056 1217 γυναικὸς
2081 1168 2405 1217 ἀποσπάσας

363 1231 535 1273 Μανίου
556 1231 827 1286 Γλαβρίωνος
851 1231 1055 1286 ἐγκύμονα
1083 1232 1299 1283 συνῴκισεν
1324 1233 1453 1282 αὐτῷ.
1505 1233 1617 1273 Haec
1641 1234 1775 1274 sedulo
1792 1234 1904 1274 nobis
1927 1248 2001 1273 nec
2018 1243 2153 1274 mente
2177 1237 2406 1275 testimoniis

366 1308 585 1339 ceterorum
610 1300 842 1351 scriptorum
868 1307 1147 1351 praeoccupata
1172 1298 1437 1351 reputantibus
1461 1302 1609 1349 omnis,
1642 1302 1803 1350 opinor,
1835 1302 2027 1338 eximetur
2058 1301 2248 1340 dubitatio
2274 1302 2323 1340 de
2348 1314 2407 1352 ea,

364 1378 464 1419 quae
488 1367 603 1406 unice
627 1378 723 1405 vera
747 1372 804 1404 est
829 1362 867 1404 h.
896 1364 924 1403 l.
947 1365 1225 1416 interpretatio,
1250 1362 1408 1403 Sullam
1432 1363 1576 1403 scilicet
1600 1363 1791 1402 adducere
1817 1366 1980 1403 omnino
2005 1378 2087 1404 non
2113 1367 2280 1419 potuisse
2300 1365 2404 1407 Cor-

362 1433 511 1472 neliam
536 1439 581 1470 ut
606 1445 629 1470 a
655 1430 820 1470 Caesare
845 1430 986 1483 abiret,
1022 1438 1139 1482 atque
1164 1431 1460 1468 matrimonium
1488 1443 1578 1467 cum
1605 1442 1654 1467 eo
1679 1432 1821 1467 initum
1848 1430 2083 1469 diSsolveret.
2112 1452 2163 1459 —
2187 1432 2271 1475 «At
2299 1434 2406 1470 enim

363 1498 439 1537 hoc
465 1511 557 1536 cum
577 1498 644 1549 iis,
678 1509 778 1549 quae
802 1495 908 1548 apud
938 1494 1178 1535 Suetonium
1202 1494 1384 1547 leguntur
1416 1503 1455 1533 et
1480 1494 1680 1546 Vellejum
1706 1503 1839 1547 aperte
1863 1504 2033 1547 pugnat,
2058 1509 2228 1548 cumque
2253 1499 2306 1548 is,
2341 1500 2407 1549 qui

364 1562 648 1601 ἀποσπᾶσθαι
674 1560 723 1598 οὐ
753 1558 948 1606 δύναται,
974 1567 1040 1598 aut
1069 1561 1149 1612 ipse
1173 1560 1291 1599 avelli
1315 1573 1356 1599 se
1380 1573 1461 1599 non
1487 1562 1679 1612 patiatur,
1704 1568 1770 1599 aut
1795 1560 1843 1599 ab
1870 1561 1949 1599 alio
1975 1560 2169 1612 quodam,
2197 1564 2406 1613 quominus

364 1627 575 1678 avellatur,
610 1624 792 1681 impediri
825 1627 964 1677 possit,
999 1627 1164 1663 omnino
1189 1637 1272 1664 non
1296 1624 1542 1676 intelligitur,
1580 1638 1655 1676 qua
1692 1627 1916 1664 necessitate
1954 1629 2075 1664 coacti
2101 1626 2332 1677 Plutarcho,
2366 1630 2407 1665 in

369 1692 482 1731 rebus
507 1693 678 1731 romanis
702 1693 853 1742 saepius
873 1692 956 1742 jam
980 1691 1102 1742 lapso,
1127 1703 1245 1741 quam
1272 1692 1357 1741 quis
1380 1698 1550 1741 cuperet,
1573 1703 1723 1728 novum
1752 1692 1856 1728 hunc
1878 1698 1997 1741 atque
2019 1691 2306 1741 putidissimum
2332 1693 2408 1731 ob-

367 1756 567 1796 trudamus
602 1759 814 1795 errorem.’²
846 1776 896 1783 —
935 1753 1020 1794 Sed
1044 1763 1088 1793 ut
1113 1754 1343 1807 concedam,
1376 1754 1482 1806 quod
1506 1768 1597 1793 sane
1623 1762 1747 1805 potest
1773 1754 1951 1806 concedi,
1989 1754 2093 1793 Plut.
2126 1756 2157 1794 si
2183 1758 2407 1807 scripsisset:

366 1819 663 1874 Ιίορνηλίαν-
682 1817 848 1866 Σύλλας
874 1818 1010 1858 οὐδενὶ
1035 1817 1178 1872 τρόπῳ
1204 1819 1394 1871 δυνηθεὶς
1418 1817 1680 1865 ἀποςπάσαι,
1707 1821 1760 1856 ita
1787 1819 1825 1856 id
1851 1822 2016 1871 potuisse
2044 1820 2217 1871 intelligi,
2243 1821 2405 1860 nicae-

366 1899 506 1936 sarem,
532 1886 744 1924 divortium
764 1898 814 1922 ne
830 1884 955 1932 fieret,
979 1890 1148 1925 obstitisse
1167 1893 1369 1935 putemus:
1394 1883 1565 1921 multum
1580 1885 1752 1934 profecto
1770 1887 1924 1923 interest
1942 1888 2042 1923 inter
2059 1900 2163 1936 eum,
2181 1890 2248 1937 qui
2269 1886 2407 1925 divor-

368 1952 466 1989 tium
485 1956 531 1991 ab
551 1967 664 1990 uxore
680 1968 725 1990 ne
740 1954 819 2002 fiat,
835 1949 957 1988 obstat
976 1957 1015 1987 et
1030 1949 1243 2000 intercedit,
1258 1957 1374 2001 atque
1395 1962 1486 1986 eum
1502 1950 1569 2000 qui
1587 1955 1678 2004 ipse,
1700 1957 1743 1988 ut
1761 1951 1950 1988 nuncium
1967 1953 2003 1988 ei
2020 1953 2203 2002 remittat,
2218 1952 2403 2003 compelli

369 2016 479 2053 nullo
505 2015 625 2052 modo
650 2023 787 2065 potest.
837 2015 943 2052 Tum
970 2027 1065 2053 vero
1091 2014 1129 2051 id
1158 2027 1312 2065 quoque
1337 2014 1438 2052 haud
1467 2016 1868 2066 praetermittendum,
1892 2029 1971 2053 non
1999 2016 2072 2066 legi
2098 2015 2198 2066 apud
2228 2015 2405 2054 Chaero-

367 2094 543 2131 nensem,
567 2093 666 2131 quae
691 2092 805 2131 supra
831 2081 1031 2131 posuimus
1064 2079 1250 2118 vocabula
1279 2076 1451 2117 οὐδενὶ
1479 2079 1678 2131 τρόπῳ,
1714 2094 1812 2131 quae
1828 2110 1840 2132 ,
1864 2084 1895 2120 si
1922 2081 2039 2120 modo
2065 2090 2211 2119 caetera
2238 2090 2341 2120 recte
2366 2095 2406 2120 se

368 2145 570 2198 haberent,
593 2144 744 2183 nullam
772 2144 939 2183 facerent
965 2143 1254 2195 difficultatem,
1279 2145 1451 2196 priorem
1477 2145 1695 2197 explicandi
1722 2148 1913 2186 rationem
1940 2146 2121 2198 amplecti
2146 2148 2176 2185 si
2203 2149 2287 2198 qu1s
2314 2161 2405 2186 ma-

370 2211 500 2249 luisset
517 2231 568 2240 —
587 2217 626 2247 at
644 2210 827 2260 leguntur
852 2206 952 2248 οὔτ’
980 2207 1183 2247 ἐλπίσιν
1210 2205 1269 2247 οὔ
1277 2221 1326 2247 τε
1354 2208 1528 2261 φόβῳ,
1556 2223 1667 2262 quae,
1691 2214 1814 2249 animi
1834 2212 1993 2249 affectus
2008 2212 2241 2261 denotantia,
2267 2212 2409 2263 quibus

371 2273 607 2315 concitandis
633 2272 739 2313 Sulla
767 2273 871 2326 quod
896 2276 938 2313 in
963 2275 1096 2313 animo
1123 2272 1288 2313 habebat
1311 2282 1572 2314 assecuturum
1600 2287 1679 2314 sese
1706 2274 1943 2327 confidebat,
1966 2285 2009 2314 ut
2035 2276 2219 2315 avelleret
2248 2275 2407 2315 Corne-

372 2341 481 2390 liam,
505 2341 578 2379 nisi
591 2339 640 2377 ad
654 2339 776 2391 verbi,
801 2348 983 2379 conatum
999 2341 1116 2377 istum
1142 2338 1400 2391 significantis,
1425 2339 1634 2391 objectum,
1660 2339 1884 2379 Corneliam
1910 2353 1959 2379 sc.
1986 2341 2173 2391 retuleris,
2202 2354 2282 2392 quo
2305 2351 2407 2380 recte

371 2406 530 2457 quidem
555 2407 700 2456 possint
723 2406 856 2443 referri
889 2418 969 2443 non
995 2404 1209 2453 habebunt;
1251 2405 1300 2442 ad
1325 2402 1541 2455 Καίσαρος
1566 2405 1686 2454 illud,
1711 2406 1816 2456 quod
1840 2406 2046 2443 adversarii
2072 2406 2308 2444 contendant
2332 2419 2409 2444 ne-

372 2484 471 2511 cesse
497 2479 574 2521 est,
611 2484 656 2509 ea
679 2488 786 2525 posse
810 2471 944 2509 referri
971 2468 1045 2520 (ne
1070 2469 1221 2522 dicam,
1256 2483 1334 2509 esse
1359 2468 1583 2519 referenda)
1610 2483 1687 2521 qua
1714 2473 1883 2519 ratione,
1914 2472 1946 2508 si
1974 2472 2176 2522 viverent,
2210 2470 2409 2523 probaturi

372 2545 495 2578 &esent
527 2538 604 2577 viri
630 2537 705 2587 illi,
739 2535 777 2574 id
803 2538 913 2575 scire:
930 2549 1182 2587 summopere
1207 2549 1408 2588 cuperem;
1448 2535 1631 2587 equidem
1658 2538 1864 2587 quominus
1896 2534 1937 2573 id
1963 2535 2033 2575 fiat
2062 2546 2101 2575 et
2127 2537 2266 2589 logices
2291 2550 2409 2588 prae-

373 2611 485 2655 cepta
510 2611 549 2642 et
572 2604 842 2656 grammatices
865 2601 1016 2654 regulas
1040 2614 1163 2653 aeque
1189 2601 1336 2640 obstare
1360 2600 1568 2638 contendo.
1620 2598 1721 2645 «Sed
1746 2608 1789 2638 tu
1815 2612 1914 2651 quae
1929 2599 2187 2639 Plutarchum
2214 2600 2407 2640 dicentem

370 2669 477 2720 sacis,
500 2676 678 2721 pugnant
703 2680 747 2707 ea
773 2680 864 2706 cum
891 2666 1221 2718 luculenfissimis,
1245 2667 1437 2719 planeque
1462 2665 1684 2705 indubitatis
1707 2663 1890 2704 Suetonii
1916 2674 2033 2718 atque
2058 2665 2202 2718 Velleji
2227 2667 2410 2706 testimo-

1905 2746 1922 2774 3
