2853 3359
2194 238 2309 285 xxt

325 378 424 418 quae
448 377 563 417 supra
589 361 780 416 disputata
809 372 918 414 sunt3
960 362 1066 417 quod
1102 362 1150 403 de
1184 362 1413 416 glossemate
1437 362 1646 414 suspicatus
1679 369 1732 401 est
1771 363 1831 401 vir
1857 360 2095 415 praeclarus,
2133 359 2236 400 credi
2263 373 2372 414 posse

323 431 533 485 praefracte
558 441 757 483 negamus.
794 452 839 458 -
879 428 979 486 Quis
1005 432 1110 470 enim
1138 430 1210 469 fuit
1234 429 1321 482 ille,
1347 428 1444 467 haec
1470 430 1538 480 qui
1563 429 1730 479 margini
1757 428 1956 480 appinxit?
2006 426 2229 465 Librarius?
2281 427 2370 465 Hoc

323 501 389 536 va
414 500 496 548 ipse
521 496 749 547 contendet,
787 499 932 548 qqupe
959 500 1025 549 qui
1052 497 1100 535 de
1124 497 1372 535 librariorum
1398 498 1562 533 istorum
1588 496 1752 545 ingeniis
1777 507 1857 532 non
1882 496 1999 533 nimis
2024 493 2241 532 honorifice
2264 495 2372 544 judi-

324 574 412 600 care
435 560 574 608 soleat;
614 574 664 600 an
688 562 876 614 glossator
901 561 1060 614 quidam
1090 561 1256 599 doctus?
1305 559 1519 599 Undenam
1552 559 1618 597 ille
1644 558 1740 597 haec
1765 561 1948 610 sumpsit,
1982 572 2073 597 cum
2108 561 2148 598 in
2176 558 2283 597 Plut.
2323 559 2371 597 de

324 639 370 664 ea
394 638 437 663 re
462 625 519 664 nil
544 635 787 679 compareat,
813 627 916 679 apud
946 627 1147 677 Vellejum
1174 624 1375 664 flaminem
1401 635 1562 667 creatum
1588 637 1667 663 esse
1693 623 1899 663 Caesarem
1927 637 1949 662 a
1976 628 2126 668 «Mario
2154 629 2372 681 Cinnaque²⁹

327 690 457 742 (quod
493 691 694 742 quomodo
726 696 774 730 sit
808 691 1107 744 intelligendum
1138 704 1185 728 ex
1216 690 1309 729 locis
1338 691 1429 728 licet
1464 702 1712 742 cognoscere,
1754 690 1875 740 qualis
1902 697 1957 727 est
1982 689 2098 740 apud.
2130 688 2218 728 Liv.
2244 690 2371 740 xxi,

324 758 395 794 15:
422 755 639 796 Flaminius
659 757 835 797 Arimini
861 757 1107 796 consulatum
1133 758 1233 807 iniit,
1257 765 1401 797 creatus
1427 761 1471 796 ab
1496 755 1545 793 T.
1570 753 1805 806 Sempronio
1831 754 2000 805 consule,
2026 754 2093 793 ubi
2120 754 2199 793 vId.
2229 754 2370 802 Fabr.)

326 821 493 873 legatur,
530 827 714 863 destinare
741 822 876 861 vocab.
903 822 952 860 de
977 822 1125 874 populo
1151 823 1218 861 vix
1243 833 1419 873 unquam
1446 820 1593 860 dicatur
1608 851 1619 873 ,
1642 820 1800 860 aliunde
1826 821 1873 859 de
1899 819 2085 872 Caesare,
2108 821 2165 859 illi
2192 819 2370 859 flaminio

323 885 523 937 destinato,
547 887 606 925 nil
627 889 799 925 constet?
848 886 969 938 Tum,
993 900 1112 938 quare
1133 887 1344 925 commodo
1363 899 1494 924 carere
1516 888 1602 924 loco
1629 887 1724 925 baec
1748 886 1882 927 vocab.
1903 887 2093 938 dicantur,
2117 900 2198 924 non
2216 895 2374 937 exputo,

322 950 540 990 dummodo
565 961 669 991 recte
695 959 890 991 construas
914 960 1032 1003 atque
1058 965 1144 992 voc.
1171 951 1443 1003 «sequentibus
1459 952 1701 991 consulibus*
1726 952 1773 990 ab
1796 954 1853 1003 iis,
1878 966 1977 1003 quae
2004 960 2230 1003 sequuntur,
2256 965 2370 991 com-

322 1024 428 1054 mate
455 1015 664 1069 disjuncta,
703 1029 785 1054 non
819 1016 868 1054 ad
893 1015 1064 1061 «flamen
1097 1017 1330 1057 destinatus»
1365 1015 1471 1068 quod
1486 1016 1694 1067 bucusque
1720 1017 1887 1068 factum,
1922 1017 1987 1056 sed
2016 1017 2084 1055 ad:
2116 1015 2370 1061 «Corneliam

323 1092 483 1118 uxorem
513 1082 657 1131 duxit,“
683 1080 844 1132 referas,
868 1084 1099 1120 sententiam
1123 1091 1351 1134 sequentem
1378 1082 1470 1120 inde
1496 1095 1519 1120 a
1544 1095 1631 1120 voc.
1657 1082 1836 1126 «dimissa
1863 1082 2061 1122 Cossutia»
2085 1104 2136 1111 —-
2162 1083 2233 1120 ad:
2258 1083 2372 1126 «des-

322 1154 481 1196 ponsata
507 1146 657 1184 suerat¹>
684 1146 947 1197 parenthetice
972 1149 1265 1199 interpositam,
1301 1147 1469 1198 ideoque
1495 1149 1647 1186 uncinis
1673 1147 2066 1186 circumscribendam
2099 1162 2121 1186 a
2149 1151 2283 1187 ceteris
2307 1161 2370 1187 se—

318 1213 468 1264 jungas.
519 1211 615 1250 Jam
642 1212 803 1265 videbis,
828 1213 946 1252 verba
972 1213 1040 1251 illa
1068 1226 1089 1251 a
1108 1212 1272 1251 Bremio
1298 1214 1338 1251 in
1364 1214 1621 1265 suspicionem
1650 1211 1813 1251 adducta
1839 1225 1920 1251 non
1947 1213 2074 1252 solum
2101 1226 2182 1251 non
2207 1226 2276 1252 suo
2303 1226 2370 1252 ca-

319 1291 404 1316 rere
430 1278 538 1330 loco,
580 1277 646 1317 sed
673 1280 824 1330 optimo
850 1278 980 1317 addita
1007 1291 1086 1318 esse
1119 1278 1299 1330 consilio,
1337 1285 1453 1329 atque
1483 1280 1693 1316 necessaria
1722 1290 1846 1329 paene
1872 1277 2019 1329 videri,
2062 1280 2207 1330 quippe
2234 1279 2371 1330 quibus

320 1357 448 1382 caussa
478 1346 743 1395 contineatur,
783 1343 924 1383 Caesar
946 1346 1028 1393 jam
1053 1357 1160 1382 nunc
1185 1357 1254 1381 cur
1278 1345 1576 1381 matrimonium
1604 1345 1752 1390 inierit;
1791 1350 1874 1380 erat
1899 1344 2042 1381 scilicet
2067 1350 2267 1385 destinatus
2292 1344 2367 1382 ssa-

268 1436 270 1439 v
322 1422 417 1447 men
444 1408 586 1460 DIaHs,
622 1422 740 1461 quem
767 1422 845 1448 esse
871 1411 1097 1447 maritatum
1123 1408 1225 1459 leges
1258 1416 1375 1459 atque
1400 1414 1538 1445 natura
1564 1406 1766 1445 sacerdotii
1793 1407 2012 1457 poscebant.
2064 1408 2235 1447 Flamen
2261 1416 2366 1450 desti-

320 1483 428 1514 natus
454 1486 562 1524 vero,
588 1487 668 1513 non
695 1482 763 1524 est,
789 1473 893 1525 quod
920 1473 1041 1524 vulgo
1067 1471 1328 1522 contendunt,
1354 1469 1500 1509 flamen
1526 1481 1690 1517 creatus,
1716 1477 1948 1525 desiynatus,
1973 1472 2040 1510 sed
2065 1474 2118 1511 ita
2146 1474 2369 1525 intelligen-

321 1537 440 1575 dum:
466 1540 511 1575 tta
539 1549 575 1575 cr
603 1547 679 1585 gum
700 1537 853 1585 ffiriester
880 1539 941 1574 δρᾷ
961 1537 1062 1585 Βειιῧ
1090 1536 1276 1582 bestimmt,
1304 1534 1519 1583 oussersetycn
1548 1545 1640 1580 mar,
1669 1538 1714 1573 ba
1742 1535 1812 1583 itym
1840 1538 1907 1573 bas
1931 1537 2153 1584 §lanuuium
2181 1541 2244 1575 res}
2266 1541 2370 1588 3011ss

321 1603 577 1650 vcrfprocben.
605 1602 658 1640 bic
687 1601 957 1649 Qnmartfdyaft
984 1601 1121 1649 bamus
1144 1601 1293 1651 gegeben
1322 1609 1402 1639 mor
1428 1621 1477 1626 ——
1504 1614 1582 1652 quo
1607 1614 1718 1639 sensu
1747 1601 1820 1639 hoc
1848 1602 1967 1640 verbo
1994 1603 2096 1654 apud
2125 1602 2367 1643 Suetonium

319 1668 377 1706 nil
403 1668 653 1718 frequentius,
681 1667 728 1705 cf.
754 1666 874 1705 modo
902 1665 1068 1718 Caligul.
1097 1666 1184 1705 lV:
1222 1664 1403 1720 Quarum
1429 1666 1619 1703 virtutum
1646 1665 1816 1704 fructum
1843 1667 2085 1705 uberrimum
2114 1669 2215 1719 tulit,
2240 1669 2367 1718 (Ger-

320 1732 514 1781 manicus)
540 1734 593 1771 sic
618 1731 800 1785 probatus
826 1745 870 1770 ac
897 1731 1057 1771 dilectus
1082 1744 1105 1769 a
1129 1731 1218 1783 suls,
1242 1738 1285 1769 ut
1311 1729 1508 1782 Augustus
1534 1751 1581 1757 —
1609 1730 1677 1768 diu
1704 1739 1902 1771 cunctatus
1931 1745 1981 1770 an
2007 1733 2078 1771 sibi
2106 1747 2366 1775 successorem

317 1804 537 1844 destinaret,
571 1797 838 1849 adoptandum
873 1796 1032 1835 Tiberio
1065 1796 1224 1834 dederit.
1263 1795 1355 1833 ibid.
1380 1796 1477 1834 LV:
1522 1796 1697 1835 Jncitato
1732 1811 1833 1848 equo
1863 1820 1903 1824 —v
1936 1800 2179 1838 consulatum
2209 1815 2366 1854 quoque

319 1864 459 1903 dicitur
484 1869 695 1910 destinasse,
720 1863 847 1901 collat.
874 1862 1016 1913 D10ne,
1044 1865 1111 1914 qui
1139 1862 1247 1901 idem
1273 1874 1450 1901 narrans:
1486 1862 1554 1901 καὶ
1582 1869 1921 1914 προςυῖτισχνεῐτο
1948 1865 2015 1902 καὶ
2045 1860 2204 1905 ι’·’,τατον
2231 1865 2362 1908 αὑτὸν

318 1927 516 1980 ποιήσειν.
561 1927 711 1967 Domit.
740 1927 844 1967 XV:
878 1927 1061 1980 Denique
1088 1927 1275 1967 Flavium
1302 1926 1552 1967 Clementem
1581 1949 1627 1954 -
1656 1929 1763 1979 cujus
1788 1927 1887 1968 filios
1912 1932 2029 1968 etiam
2056 1939 2140 1969 tum
2170 1934 2368 1986 parmlos,

317 2005 548 2030 successores
570 1999 698 2047 palam
725 1993 972 2033 destinaverat
996 2012 1045 2018 -
1072 1995 1283 2031 interemit.
1335 1991 1445 2031 Caes.
1465 1992 1638 2030 XXVI:
1665 1995 1742 2045 egit
1768 2007 1800 2031 c.
1827 1994 1988 2033 tribun1s
2014 1996 2145 2048 plebis,
2171 1999 2363 2051 collegam

314 2070 354 2096 se
380 2057 574 2108 Pompejo
598 2063 880 2104 destinantibus,
918 2057 958 2096 id
982 2059 1110 2109 potius
1137 2057 1185 2095 ad
1210 2057 1404 2109 populum
1429 2058 1574 2097 ferrent
1600 2066 1672 2096 etc.
1699 2068 1770 2097 etc.
1799 2082 1844 2086 —
1884 2060 1981 2098 Jam
2008 2061 2118 2101 sacIes
2156 2067 2273 2104 totius
2308 2069 2363 2104 rei

318 2124 527 2160 immutata
552 2129 630 2173 est,
663 2134 812 2177 neque,
850 2129 895 2159 ut
920 2122 1102 2173 equidem
1128 2135 1263 2175 spero,
1293 2124 1334 2160 in
1360 2125 1482 2175 pejus.
1548 2123 1597 2161 ln
1626 2123 1801 2162 Merulae
1837 2125 1968 2163 locum
1994 2139 2113 2165 nemo
2139 2129 2363 2170 substitutus

318 2196 397 2238 est,
437 2190 528 2238 quia
553 2187 700 2226 Marius
726 2186 932 2238 Cinnaque
958 2187 1187 2239 Caesarem,
1222 2187 1339 2226 Marii
1363 2196 1570 2240 nepotem,
1608 2187 1786 2228 flaminio
1810 2190 1925 2230 Jovis
1951 2191 2253 2242 destinaverant;
2298 2199 2366 2248 qui

318 2266 410 2291 cum
436 2254 541 2304 prius
566 2252 768 2302 obiissent,
795 2265 913 2304 quam
941 2251 1095 2291 Caesari
1121 2266 1191 2305 per
1219 2260 1385 2291 aetatem
1412 2253 1544 2291 liceret
1571 2261 1701 2304 petere
1729 2254 1826 2292 illud
1854 2268 1875 2293 a
1901 2257 2065 2308 popu10,
2102 2267 2143 2295 ut
2171 2261 2366 2313 virorum,

323 2320 365 2355 in
391 2330 486 2369 quos
511 2316 747 2355 haereditate
780 2319 887 2369 quasi
920 2327 1046 2369 partes
1082 2331 1219 2357 eorum
1249 2318 1506 2370 devenerant,
1547 2321 1713 2370 gratiam
1739 2320 1808 2358 sibi
1836 2321 2076 2372 conciliaret,
2115 2325 2364 2365 conciliatam

321 2382 496 2422 firmaret
521 2390 639 2433 atque
665 2384 773 2434 cujus
798 2385 840 2422 in
865 2397 973 2435 spem
1000 2397 1023 2422 a
1050 2383 1266 2424 duumviris
1290 2385 1365 2424 illis
1399 2392 1480 2423 erat
1506 2384 1716 2436 adductus,
1754 2399 1890 2425 eorum
1917 2400 1992 2437 ope
2017 2389 2210 2440 acciperet
2236 2405 2364 2431 sacer—

318 2447 486 2500 dotium,
510 2448 589 2500 jam
609 2449 863 2487 matrimonio
878 2461 918 2489 se
939 2449 1154 2503 juncturus,
1178 2449 1280 2502 fecit,
1304 2462 1382 2503 quo
1408 2449 1454 2488 ab
1469 2447 1656 2489 Cinnanis
1683 2453 1811 2503 ipsum
1837 2451 2008 2503 partibus
2028 2460 2142 2506 stare,
2167 2468 2238 2495 nec
2266 2460 2361 2510 quin

317 2514 471 2564 publice
496 2513 570 2552 hoc
596 2512 844 2565 profiteretur
868 2514 1139 2567 reformidare,
1176 2518 1315 2569 insigni
1346 2517 1461 2568 plane
1495 2516 1713 2554 ostenderet
1749 2517 1929 2568 exemplo
1972 2540 2015 2545 —
2046 2520 2191 2560 dimisit
2218 2521 2362 2562 Cossu-

318 2580 438 2631 tiam,
475 2592 636 2618 uxorem
661 2577 770 2618 duxit
797 2578 1046 2632 Corneliam,
1085 2579 1235 2621 Cinnae
1266 2581 1402 2621 filiam.
1457 2579 1542 2621 Sed
1575 2595 1666 2621 cum
1689 2580 1816 2631 [etiam
1844 2590 1952 2635 tum,
1987 2587 2179 2625 incertum
2209 2601 2282 2639 qua
2314 2588 2363 2627 de

318 2654 470 2695 caussa,
506 2643 714 2695 procedere
753 2645 794 2682 in
833 2645 1026 2697 populum
1066 2655 1289 2698 cunctatus,
1341 2645 1454 2685 Sulla
1494 2646 1658 2686 demum
1692 2660 1738 2686 ex
1785 2647 1880 2686 Asia
1921 2662 2102 2702 reverso,
2150 2664 2363 2705 rerumque

314 2709 462 2759 potit0,
487 2721 510 2745 a
537 2709 684 2760 populo
711 2708 749 2746 id
775 2717 938 2762 peteret,
962 2710 1024 2749 hic
1053 2725 1167 2763 eum,
1196 2712 1299 2764 quod
1325 2720 1573 2764 accepturum
1599 2726 1639 2751 se
1664 2722 1900 2766 speraverat,
1925 2715 2138 2754 sacerdotio
2165 2725 2361 2761 mulctavit.

1860 2797 1873 2821 s
