2948 3315
2186 218 2323 264 XVll

354 329 617 383 νεωτερισμὸν
644 329 763 377 εἰδώς
801 330 851 371 οὐ
879 330 1152 382 δυσχεραίνειν
1188 328 1286 370 ὑπὸ
1316 329 1551 383 πλήθους
1577 330 1792 370 δανείων
1818 339 1843 373 i.
1871 349 1903 374 e.
1929 350 1981 375 ne
2006 337 2047 375 id
2072 337 2213 376 faceret
2238 340 2384 379 dissua-

356 395 471 435 dente
496 409 584 434 aere
609 396 748 435 alieno.
800 396 942 447 Pomp.
969 394 1180 435 XXXVI.
1219 393 1316 435 ὑπὸ
1344 393 1583 448 πλήθους
1621 395 1839 449 ἑρπετῶν
1866 401 2113 442 θαιασίιιων
2148 402 2382 455 ἀπετράπη.

353 459 499 498 Timol.
527 459 561 496 l.
597 475 618 513 η
647 459 769 508 πόλις
803 457 901 498 ὑπὸ
939 458 1172 514 πλήθους
1204 472 1369 499 κακων
1393 457 1536 511 μικρὸν
1563 458 1786 498 απέλιπε’
1773 459 1922 515 ,ἕρημος
1947 460 2061 503 εἶναι.
2117 465 2227 505 Caes.
2252 466 2385 505 LXV.

358 523 546 574 Δεζαμει
549 538 594 569 ος
619 525 689 563 οὑν
714 523 738 561 ὁ
765 524 934 574 Καῖσαρ
961 523 1194 571 ἀναγνῶναι
1219 520 1291 574 μὲν
1318 521 1401 562 ὑπὸ
1429 522 1626 575 πληθους
1652 538 1732 561 των
1745 525 2075 575 ἑιτυγχαιόντων
2097 529 2290 581 ἐκωλύθη
2310 541 2383 569 etc.

353 586 451 626 Loci
474 590 593 627 nostri
624 602 754 628 sensus
787 590 905 640 igitur
935 589 1027 627 erit.
1066 586 1208 627 Caesar
1234 599 1328 625 vero
1353 588 1464 626 initio
1490 601 1581 627 cum
1609 602 1631 626 a
1661 585 1798 640 Sulla,
1832 589 2010 630 caedium
2045 592 2295 634 multitudine
2321 602 2385 636 im-

351 656 495 703 perlito,
521 658 705 699 distracto,
731 665 770 691 v.
796 665 888 704 prae
914 652 1093 691 caedium
1120 651 1369 689 multitudine
1394 655 1688 701 praeteriretur,
1712 653 1783 690 hac
1809 666 1851 691 re
1877 666 1956 692 non
1984 664 2187 694 contentus
2212 665 2282 694 etc.

474 732 554 769 καὶ
582 730 630 770 δι’
655 729 884 782 ἀσχολία
896 745 926 778 ς.
980 731 1175 769 Particula
1201 734 1294 776 καί,
1318 738 1362 769 ut
1386 731 1427 769 in
1453 730 1517 769 lat.
1543 744 1722 771 sermone
1748 734 1957 783 particulae
1984 745 2111 791 atque,
2137 754 2228 792 que,
2254 747 2289 776 et
2311 737 2383 785 (cf.

359 796 472 835 Fabr.
498 797 548 836 ad
572 797 660 836 Liv.
686 797 807 849 XXI,
834 800 893 835 17.
946 795 1099 846 xxu,
1124 798 1174 834 14
1200 804 1271 834 etc.
1297 796 1408 847 etc.),
1432 797 1484 834 ita
1509 810 1620 849 saepe
1646 798 1813 849 copulat,
1837 807 1880 837 ut
1907 808 1973 838 aut
1998 803 2131 851 generi
2157 800 2274 838 addat
2297 815 2387 852 spe-

357 863 475 912 ciem,
501 871 568 899 aut
593 865 745 901 inversa
771 863 921 898 ratione
945 862 1085 911 speciei
1110 874 1250 912 genus,
1274 861 1371 897 illud
1396 863 1426 897 si
1453 869 1525 910 est,
1558 863 1842 912 restringendo,
1874 863 1966 912 hoc,
1998 865 2176 915 augendo
2201 874 2320 916 atque
2345 870 2387 903 in

357 929 480 977 majus
507 925 723 976 evehendo,
749 924 854 977 quod
883 927 1011 976 primo
1027 927 1196 976 positum
1222 933 1304 963 erat
1329 924 1428 976 loco,
1452 927 1662 964 accuratius
1688 925 1885 965 definiens.
1939 926 2001 965 Sic
2027 936 2158 966 nostro
2183 929 2268 967 loco
2294 943 2388 968 ver-

353 990 515 1029 tendum
552 993 642 1030 erit:
682 992 754 1030 unt>
790 989 988 1037 uberhaupt
1020 989 1124 1035 but-d)
1162 988 1238 1028 cine
1264 989 1385 1037 waste
1418 997 1490 1029 nnn
1527 989 1740 1037 (Sefdysxftcn
1775 990 1811 1027 in
1847 990 2031 1038 atas-prud>
2068 1002 2289 1041 genommeu.
2342 994 2389 1031 cr.

358 1054 496 1093 Matth.
521 1055 676 1105 5820,
703 1057 736 1091 1.
763 1054 799 1092 b.
852 1053 1037 1092 Similem
1064 1056 1145 1106 ejus
1169 1068 1282 1093 usum
1311 1055 1434 1105 tetigit
1460 1051 1602 1092 Stallb.
1629 1053 1676 1091 ad
1704 1053 1802 1090 Plat.
1830 1053 1997 1106 Apolog.
2023 1068 2061 1105 p.
2086 1057 2150 1105 23,
2178 1056 2229 1093 A.
2280 1057 2390 1095 Haec

358 1133 451 1158 vero
476 1122 651 1171 negotia,
677 1119 804 1170 qualia
831 1119 995 1169 suerint,
1019 1131 1223 1170 cognoscas
1249 1132 1294 1156 ex
1320 1118 1402 1157 Cic.
1427 1127 1523 1156 orat.
1548 1131 1620 1169 pro
1646 1118 1762 1156 Rosc.
1789 1118 1927 1156 Amer.
1962 1119 2041 1156 Vll
2050 1119 2093 1169 I,
2117 1122 2186 1158 23:
2225 1120 2390 1171 «Neque

355 1186 460 1223 enim
488 1186 657 1234 mirum,
684 1196 806 1234 quum
833 1182 971 1222 eodem
999 1191 1177 1234 tempore
1202 1190 1241 1221 et
1267 1196 1336 1233 ea,
1360 1195 1459 1234 quae
1485 1184 1691 1234 praeterita
1716 1191 1816 1234 sunt,
1843 1191 1880 1220 et
1906 1196 1964 1233 ea,
1990 1196 2089 1234 quae
2115 1183 2299 1222 videntur
2325 1187 2390 1223 in-

354 1257 453 1286 stare
479 1256 702 1300 praeparet,
740 1260 862 1298 quum
898 1255 937 1285 et
969 1250 1074 1298 pacis
1107 1248 1396 1286 constituendae
1430 1249 1621 1284 rationem
1657 1255 1695 1285 et
1730 1247 1819 1284 belli
1845 1247 2004 1297 gerendi
2037 1256 2264 1298 potestatem
2290 1250 2392 1286 solus

356 1314 512 1364 habeat,
536 1327 657 1365 quum
686 1325 821 1350 omnes
846 1314 887 1350 in
913 1326 1004 1350 eum
1029 1319 1221 1362 spectent,
1245 1324 1343 1349 unus
1369 1313 1502 1348 omnia
1527 1311 1738 1361 gubernet,
1764 1324 1884 1361 quum
1915 1319 1971 1348 tot
2009 1314 2199 1362 tantisque
2223 1316 2387 1363 negotiis

355 1379 539 1416 distentus
562 1380 630 1428 sit,
662 1384 706 1413 ut
730 1377 916 1426 respirare
941 1375 1060 1412 libere
1084 1387 1166 1412 non
1191 1376 1326 1424 possit,
1358 1375 1389 1411 si
1414 1373 1561 1422 aliquid
1585 1387 1665 1411 nou
1693 1373 2015 1410 animadvertat-’³
2044 1394 2092 1400 —
2120 1375 2166 1411 cf.
2192 1385 2389 1425 praeterea

355 1442 460 1479 Plut.
490 1441 592 1479 Sull.
619 1453 651 1477 c.
680 1442 727 1477 31
756 1448 827 1489 sqt.
856 1460 902 1466 —
930 1438 1116 1477 Ceterum
1142 1438 1182 1475 id
1209 1450 1364 1487 quoque
1388 1436 1631 1484 notandum,
1671 1437 1776 1486 quod
1813 1439 1855 1473 in
1880 1436 1997 1474 Livio
2026 1438 2392 1483 animadverterunt

358 1508 434 1547 viri
460 1504 574 1555 docti,
598 1506 813 1542 orationem
842 1503 993 1541 variare
1017 1501 1139 1539 solere
1164 1499 1270 1539 hunc
1294 1512 1427 1541 rerum
1452 1501 1690 1550 scriptorem,
1716 1501 1756 1537 in
1780 1502 1992 1537 sententiae
2018 1495 2204 1539 mffmbris
2228 1501 2299 1539 sibi
2327 1511 2394 1540 aut

357 1573 539 1622 oppositis
564 1578 630 1606 aut
656 1568 795 1619 copula
821 1567 1032 1618 conjunctis
1057 1566 1173 1603 variis
1197 1564 1342 1602 utendo
1368 1563 1725 1614 praepositionibuS‚
1751 1564 1821 1609 (cf.
1840 1564 1954 1600 Fabr.
1978 1564 2027 1600 ad
2054 1565 2080 1600 l.
2102 1564 2227 1615 XXl,
2251 1566 2327 1614 41)
2355 1568 2395 1603 id

359 1649 440 1673 non
467 1637 595 1673 minus
620 1641 722 1671 recte
749 1632 796 1669 de
816 1631 1024 1669 Plutarcho
1050 1643 1158 1681 posse
1182 1630 1269 1680 dici,
1293 1632 1344 1666 ita
1370 1637 1516 1677 tamen,
1542 1635 1582 1664 ut
1606 1640 1688 1665 non
1714 1629 1796 1665 sine
1822 1627 1962 1664 idonea
1993 1641 2122 1666 caussa
2147 1631 2189 1666 in
2210 1630 2396 1680 eligendis

357 1701 431 1738 illis
457 1698 650 1751 particulis
676 1705 846 1736 versatus
871 1709 972 1746 esse,
998 1696 1124 1733 immo
1144 1694 1375 1745 plerumque
1400 1692 1500 1730 hanc
1524 1698 1734 1730 structurae
1762 1693 2018 1729 variationem
2043 1704 2124 1729 non
2149 1693 2232 1730 sine
2257 1694 2392 1745 aliquo

357 1776 486 1803 sensus
508 1762 728 1800 discrimine
744 1760 938 1798 admisisse
962 1758 1155 1809 putandus
1178 1760 1239 1796 sit.
1289 1757 1360 1803 (cs.
1378 1755 1487 1795 Caes.
1504 1755 1600 1805 Vll,
1624 1768 1654 1793 s.
1680 1755 1705 1792 f.
1734 1755 1780 1793 ὲυ
1809 1754 1945 1805 είοήιῃ
1973 1768 2040 1792 και
2068 1756 2175 1793 καθ’
2204 1755 2396 1808 ησυχίαν,

360 1828 437 1866 XI.
462 1822 552 1878 ἅμα
578 1822 761 1873 γέλωτι
798 1824 867 1861 καὶ
894 1820 1025 1876 μετὰ
1064 1821 1244 1866 παιδιᾶς.
1290 1820 1412 1857 XlV.
1458 1821 1620 1868 σιωπῇ
1654 1819 1722 1856 καὶ
1752 1815 1877 1870 μετα
1904 1825 2193 1869 κατηφείας
2246 1819 2397 1858 Aemil.

361 1886 737 1930 Ρειι11.ΧΙΙ.σύν
766 1900 818 1925 τα
820 1899 882 1936 χει
907 1887 992 1923 καὶ
1020 1886 1117 1938 μετ’
1143 1882 1415 1934 ἀσφαλείας.)
1468 1883 1602 1933 ltaque
1627 1891 1759 1920 nostro
1781 1883 1867 1921 loco
1891 1896 1961 1932 per
1979 1895 2019 1920 se
2043 1895 2131 1920 cum
2160 1891 2263 1920 recte
2286 1884 2395 1922 dica-

362 1966 436 2006 tur,
463 1953 531 1994 ὑῖῐ’
557 1949 766 2003 ἀσχολιῶν
794 1950 861 1999 (cf.
889 1950 993 1988 Plut.
1015 1948 1155 2001 Pyrrh.
1181 1947 1235 1985 V.
1265 1946 1504 2000 Δημητρίου
1532 1945 1601 1986 ὑπ’
1628 1944 1837 1998 ἀσχολιῶν
1864 1944 2158 1997 βραδύνοντος)
2185 1948 2340 1997 negotia
2365 1952 2397 1987 si

362 2024 403 2059 in
421 2030 549 2057 caussa
574 2017 741 2065 fuerunt,
764 2014 910 2064 aliquid
932 2021 976 2050 ut
1001 2013 1066 2051 vel
1091 2024 1172 2050 non
1193 2010 1317 2061 fieret,
1340 2010 1404 2048 vel
1423 2019 1575 2061 praeter
1595 2023 1705 2063 spem
1727 2011 1913 2061 eveniret,
1937 2009 2008 2047 hac
2028 2009 2195 2048 formula
2216 2024 2322 2049 nunc
2337 2014 2396 2049 uti

361 2084 488 2122 noluit
505 2079 745 2128 Plutarchus,
770 2078 873 2114 haud
899 2077 1014 2112 dubie
1039 2089 1127 2112 eam
1152 2075 1203 2111 ob
1228 2086 1412 2122 caussam,
1436 2087 1487 2110 ne
1513 2074 1612 2110 duae
1637 2076 1850 2111 sententiae
1876 2083 2015 2123 partes,
2038 2082 2199 2123 utraque
2225 2075 2395 2112 secundo

364 2162 451 2187 casu
476 2153 563 2197 apta
591 2157 614 2182 a
637 2156 769 2194 praep.
799 2139 899 2187 ὑπό,
924 2139 990 2179 sed
1016 2139 1167 2179 diverso
1192 2151 1303 2177 sensu
1329 2160 1379 2168 —
1406 2134 1489 2177 ὑπὸ
1517 2135 1712 2189 πλήθους
1738 2136 1877 2189 φόνων
1904 2138 1971 2175 καὶ
2000 2135 2207 2187 ἀσχολιῶν
2233 2159 2282 2166 -
2310 2136 2397 2178 ὑπὸ

366 2209 524 2255 Σύλλα,
546 2232 591 2239 ο
616 2210 722 2259 juxta
748 2219 787 2245 se
812 2206 959 2257 positae
976 2205 1191 2244 orationem
1210 2204 1400 2253 ingratam
1422 2201 1626 2239 redderent
1646 2201 1814 2252 auribus,
1839 2200 2141 2252 ambiguamque
2161 2202 2209 2239 ad
2229 2215 2399 2240 sensum.

366 2276 484 2315 Nunc
510 2286 604 2312 vero
630 2271 767 2310 vocab.
794 2270 841 2307 δι’
867 2266 1071 2318 ἀσχολίας
1093 2269 1145 2306 ita
1171 2268 1387 2319 interjectiS,
1411 2274 1454 2303 ut
1479 2266 1608 2316 simul,
1635 2279 1709 2316 qua
1733 2267 1883 2303 ratione
1909 2268 2013 2316 prius
2038 2265 2134 2302 illud
2156 2263 2242 2304 ὑπό
2268 2270 2317 2305 sit
2336 2269 2395 2305 in·-

367 2339 635 2392 telligendum,
662 2337 845 2387 indicent,
870 2334 1063 2385 simulque
1089 2332 1258 2371 efficiant
1285 2340 1328 2370 ut
1353 2332 1543 2369 memoria
1570 2332 1652 2381 ejus
1677 2330 1901 2368 obliteretur
1926 2330 2145 2380 paullulum
2173 2339 2212 2369 et
2239 2345 2286 2368 ex
2313 2333 2402 2369 ani-

370 2408 443 2446 mis
459 2406 566 2457 quasi
589 2403 716 2454 elapsa
741 2403 788 2440 sit
813 2399 924 2439 nobis
945 2400 1027 2451 jam
1054 2397 1103 2437 ad
1127 2397 1294 2436 alterum
1320 2395 1418 2435 illud
1443 2392 1527 2435 ὑπό
1556 2397 1774 2447 progressis,
1798 2396 1978 2433 orationiS
1996 2396 2258 2446 perspicuitati
2284 2403 2400 2446 atque

370 2471 579 2522 integritati
605 2469 754 2518 optime
779 2464 998 2503 consultum
1025 2475 1103 2501 esse
1129 2470 1266 2513 putem
1292 2474 1313 2499 a
1341 2459 1613 2499 Chaeronensi.

488 2544 853 2600 παρορώμενος
879 2541 969 2581 οὐκ
995 2540 1262 2595 ἠγάπησεν.
1278 2562 1318 2567 -
1335 2538 1522 2588 ἀγαπᾷν,
1546 2538 1765 2589 ἀρκεῖσθαί
1784 2549 1856 2574 τινι
1879 2538 1948 2574 καὶ
1971 2535 2097 2588 μηδὲν
2118 2535 2246 2575 πλέοιΙ
2261 2539 2395 2589 επιζη-

371 2620 460 2653 τεῖυ.
495 2613 610 2652 Suid.
643 2610 740 2650 Satis
755 2609 911 2657 habere,
922 2615 1148 2647 contentum
1167 2620 1258 2653 esse,
1282 2605 1519 2655 acquiescere
1536 2604 1579 2645 in
1591 2602 1718 2653 aliqua
1733 2614 1788 2651 re,
1807 2600 1993 2652 gratulari
2008 2601 2080 2640 sibi
2099 2615 2183 2640 rem
2202 2610 2400 2653 acceptam

368 2692 496 2731 neque
522 2685 720 2730 praeterea
747 2673 961 2726 quidquam
986 2675 1256 2724 concupiscere
1284 2692 1325 2698 —-
1355 2668 1471 2708 verba
1497 2667 1630 2707 Heldii
1655 2665 1703 2706 ad
1729 2664 1833 2705 Plut.
1861 2665 1981 2744 “³⁸5²'‘
2010 2665 2136 2705 Pauli.
2165 2680 2197 2706 c.
2226 2665 2335 2717 Vll,
2365 2681 2401 2718 p.
