2905 3322
2 2020 7 2030 ι
4 1973 6 1980 <
3 1947 7 1958 -
2 1751 11 1931 ..η-...σοφὴν-
0 1656 7 1723 -ισ-κ-
2 1623 4 1627 <
2 1560 9 1601 μν-

4 2658 9 2667 4,
0 2507 12 2650 w*
3 2394 11 2487 ..m-a,

566 232 753 278 xxvn
759 233 778 277 1

506 356 594 408 qu'il
619 358 726 393 “tait
749 358 897 394 malade
922 351 1083 402 (ambe,
1107 350 1214 402 quod
1240 349 1372 401 vides,
1404 348 1513 389 κατὰ
1539 349 1667 390 νύκτα
1692 354 1734 392 in
1763 354 2005 394 versionibus
2028 365 2111 393 non
2135 354 2383 404 reddidere„
2422 359 2558 396 Ducer-

506 415 577 456 Un
598 417 691 469 jour
715 416 778 468 qu’
802 429 880 455 une
903 415 1050 467 grande
1075 415 1246 455 maladie
1271 415 1309 454 le
1334 415 1471 468 sorcait
1495 414 1519 453 ὲ
1542 427 1583 453 se
1610 415 1707 454 faire
1740 424 1978 468 transportet
2012 419 2128 457 d’une
2153 421 2305 458 maison
2330 421 2355 458 ὲ
2379 431 2458 458 une
2484 431 2559 457 au-

505 489 581 532 tre,
604 481 633 519 il
658 480 807 519 tombat
830 480 1005 531 pendant
1029 479 1068 518 la
1092 481 1180 519 nuit
1205 488 1277 519 etc.
1290 508 1302 531 ‚
1338 479 1474 519 notula
1498 477 1694 531 adspersa,
1726 482 1770 519 in
1806 493 1884 531 qua
1910 481 2063 522 Rualdi
2087 482 2335 534 amplectitur
2360 485 2554 536 interpre-

508 547 709 584 tationem.
761 548 960 598 Xylander
978 565 988 585 ε
1029 544 1186 588 Deinde
1211 550 1254 586 ob
1278 549 1520 586 valetudinem
1552 551 1674 583 noctu
1707 546 1749 584 in
1783 544 1903 583 aliam
1936 545 2101 585 domum
2135 546 2352 588 translatus.
2378 571 2428 580 —
2458 547 2555 588 Jam

510 608 715 649 videamus
739 609 905 662 singula.
949 609 1002 649 Et
1026 612 1202 662 primum
1229 609 1388 661 quidem
1413 608 1454 647 id
1480 610 1631 660 optIme
1656 609 1812 650 videtur
1840 611 2036 649 monuisse
2060 610 2253 664 Rualdus,
2277 611 2360 650 salli
2385 625 2464 665 eos,
2491 615 2559 665 qui

505 681 690 727 putarent
725 674 957 728 ἀρρωστίαν
998 674 1154 714 Caesari
1191 675 1304 714 fuisse
1338 676 1381 713 in
1415 686 1568 726 caussa,
1610 682 1655 713 ut
1679 682 1851 714 mutaret
1882 674 2070 727 domum,
2109 669 2166 715 inx
2189 689 2266 727 qua
2298 688 2423 728 usque
2461 677 2558 717 dum

505 739 690 779 latuisset.
722 762 772 770 —
804 739 978 778 Mutavit
1011 738 1200 790 domum,
1237 738 1343 791 quod
1367 738 1482 776 aliter
1505 741 1672 791 sicariis,
1715 753 1811 791 quos
1850 741 1893 778 in
1918 752 2055 778 omnes
2080 739 2217 778 Italiae
2240 747 2367 792 partes
2391 753 2415 778 a
2441 739 2559 781 Sulla

507 804 683 843 dimissos
706 803 862 854 sciebat,
885 803 1110 842 subtrahere
1131 816 1212 843 sese
1236 816 1318 842 non
1344 811 1513 854 poterat;
1538 816 1709 855 quorum
1734 805 1981 855 sagacitatem
2006 811 2122 855 atque
2140 804 2296 843 insidias
2312 807 2385 843 nisi
2401 806 2558 844 timuis-

506 876 581 919 set,
605 875 649 906 ut
671 875 757 906 erat
782 880 899 920 aeger
922 880 968 906 ac
994 868 1183 920 languens
1208 869 1251 907 in
1276 867 1418 907 eodem
1445 875 1548 906 certe
1572 867 1770 908 maluisset
1795 880 1998 907 remanere
2024 867 2258 919 deversorio,
2282 882 2353 920 per
2379 870 2552 920 quietem

506 946 645 985 corpus
670 946 833 984 aegrum
859 941 1083 984 curaturus,
1117 946 1238 985 quam
1274 940 1319 971 ut
1344 933 1396 971 ob
1421 932 1523 971 banc
1546 934 1672 985 ipsam
1698 935 1868 985 corporis
1893 931 2165 972 infirmitatem
2191 932 2437 973 domicilium
2461 947 2556 973 mu-

506 1006 680 1037 taret.—
712 995 834 1052 Quod
860 1011 953 1038 cum
977 1001 1135 1038 sentIret
1159 998 1361 1049 Rualdus,
1385 997 1478 1037 duas
1502 1000 1704 1050 proposuit
1728 1001 1920 1049 rationes,
1942 997 2044 1036 hanc
2069 1005 2114 1036 ut
2139 997 2411 1038 difficultatem
2437 1011 2557 1051 expo-

508 1063 634 1113 diret,
657 1077 705 1101 ex
730 1076 897 1114 quarum
925 1063 1047 1101 altera
1074 1061 1142 1102 διά
1169 1076 1304 1115 praep.
1331 1076 1397 1114 „re
1422 1076 1516 1103 vera
1540 1060 1826 1111 αἰτιολογικιῆς
1851 1070 1948 1101 esset
1972 1064 2116 1114 posita,
2140 1062 2208 1101 sed
2233 1065 2286 1101 ita
2311 1071 2356 1101 ut
2383 1076 2556 1102 caussam

509 1129 678 1180 aperiret
702 1128 820 1179 ipsius
853 1116 1023 1168 vecturae
1047 1129 1130 1167 sive
1158 1133 1385 1181 gestationis,
1421 1140 1503 1166 non
1537 1133 1671 1166 autem
1696 1126 1853 1166 aedium
1878 1127 2041 1167 subinde
2067 1127 2345 1166 mutandarum
2355 1126 2398 1179 ,“
2424 1128 2559 1179 altera,

511 1203 632 1243 quam
658 1189 872 1230 Huttenius
899 1191 1100 1242 amplexus
1126 1198 1195 1242 est,
1219 1193 1274 1229 ita
1289 1190 1546 1230 Plutarchum
1572 1191 1687 1243 culpa
1712 1191 1876 1230 liberare
1900 1190 2027 1231 studet
2052 1193 2115 1232 vit
2140 1190 2286 1244 doctus,
2312 1199 2356 1231 ut
2384 1189 2453 1231 διὰ
2478 1201 2559 1232 sta-

511 1264 615 1308 tuat,
646 1255 720 1308 „ab
745 1262 903 1294 auctore
927 1265 1158 1307 usurpatum
1190 1269 1271 1295 esse
1294 1255 1553 1301 ὲνδεικτικιῦς,
1585 1264 1625 1294 et
1657 1263 1802 1294 statum
1836 1256 2008 1295 indicare
2044 1259 2197 1307 ipsum,
2234 1259 2275 1295 in
2312 1269 2389 1307 quo
2416 1255 2557 1296 Caesar

509 1328 626 1370 esset,
660 1332 752 1357 cum
785 1308 1037 1357 Sullanorum
1071 1321 1348 1370 inquisitorum
1383 1325 1494 1355 metu
1527 1318 1607 1356 alio
1641 1325 1758 1369 atque
1791 1319 1870 1356 alio
1906 1317 2224 1371 commigraret,“
2259 1333 2474 1372 provocans
2506 1321 2557 1360 ad

508 1384 676 1424 Homer.
701 1382 844 1438 Odyss.
859 1383 958 1434 XV,
968 1385 1010 1422 9.
1035 1380 1164 1422 νύκτα
1190 1381 1237 1421 δι’
1262 1380 1496 1434 ἀμβροσίην
1521 1378 1789 1434 μελεδήματα
1807 1380 1967 1434 πατρὸς
1993 1378 2163 1435 ἔγειρεν;
2190 1384 2314 1422 ut·ibi
2328 1380 2397 1422 διὰ
2415 1384 2556 1431 νύκτα,

508 1462 582 1502 per
604 1456 790 1500 noctem,
812 1461 906 1487 cum
930 1460 1010 1487 nox
1036 1455 1153 1499 esset,
1175 1450 1230 1486 sic
1254 1454 1385 1485 nostro
1409 1445 1498 1484 loco
1523 1443 1595 1496 »δι’
1621 1444 1901 1496 ἀρρωστίαν
1926 1460 2018 1498 esse,
2039 1466 2111 1501 per
2136 1454 2298 1488 morbum
2323 1447 2364 1486 id
2390 1456 2446 1487 est
2470 1448 2555 1501 dg}-

511 1515 737 1566 ρωστῶν,
763 1531 873 1570 quum
899 1511 1194 1563 aegrotaret.“—
1211 1510 1366 1549 Verum
1391 1516 1460 1562 est,
1483 1511 1611 1562 epicos
1635 1509 1771 1549 vocab.
1797 1506 1869 1559 νύξ
1894 1513 2043 1563 saepius
2068 1513 2269 1552 accusandi
2294 1527 2383 1552 casu
2408 1521 2556 1566 aptasse

512 1592 534 1615 a
559 1590 736 1630 praepos.
766 1574 850 1624 δια,
877 1576 944 1615 sed
968 1578 1022 1614 ita
1049 1576 1142 1627 sere,
1165 1582 1210 1612 ut
1233 1576 1346 1626 spatii
1371 1573 1490 1613 subsit
1521 1574 1650 1626 aliqua
1682 1575 1811 1626 notio,
1851 1575 1899 1614 cf.
1936 1575 1987 1615 ll.
2015 1574 2075 1616 11.
2103 1579 2166 1616 57.
2190 1571 2370 1617 ῗΗλθεν
2403 1575 2557 1632 ὄνειρος

510 1638 745 1696 οἶμβροσιήν
780 1638 863 1680 διὰ
891 1637 1069 1685 νύκτας
1095 1639 1144 1678 11.
1171 1638 1309 1690 vul,
1333 1640 1423 1678 510.
1449 1636 1602 1691 μήπως
1626 1639 1694 1676 καὶ
1729 1636 1811 1677 διὰ
1845 1638 1999 1678 νύκτα
2033 1639 2369 1695 καρηκομόωντες
2393 1641 2555 1692 Ἀχαιοὶ

506 1704 671 1759 φεύγειν
698 1702 975 1759 ὁρμήσωνται,
1003 1704 1071 1744 ubi
1086 1716 1176 1744 nos:
1201 1703 1306 1748 hurd)
1325 1701 1379 1741 bie
1394 1701 1510 1747 ffladn
1536 1700 1681 1750 ῆίεῡεη,
1707 1703 1734 1740 i.
1752 1716 1786 1740 e.
1812 1704 1914 1749 buret)
1943 1704 1997 1741 bie
2023 1704 2092 1751 auf
2116 1705 2176 1743 ber
2194 1703 2345 1753 &egeno
2373 1705 2554 1754 [aget-ubet

507 1770 552 1815 sse
579 1769 799 1817 einbitlienbe
826 1768 943 1815 matht
969 1767 1120 1816 flichen,
1158 1768 1206 1806 cf.
1231 1767 1368 1806 Latin:
1400 1771 1490 1811 «sub
1524 1774 1639 1804 nocte
1673 1766 1845 1814 silenti?
1881 1780 1955 1805 nec
1980 1769 2063 1819 ipso
2089 1780 2137 1807 eo
2161 1769 2268 1819 loco,
2308 1781 2387 1819 quo
2417 1770 2556 1808 nititur

504 1833 698 1885 Rualdus,
723 1831 793 1873 διὰ
820 1831 949 1872 νύκτα
974 1833 1081 1872 idem
1107 1840 1178 1884 est,
1202 1831 1326 1884 quod:
1352 1831 1523 1876 wabrenb
1549 1831 1611 1868 bet
1638 1830 1774 1875 &indm
1799 1830 1886 1868 sed:
1912 1830 1967 1869 hie
1992 1841 2100 1881 gange
2128 1832 2244 1877 {vacht
2272 1832 2461 1879 binburd),
2484 1851 2554 1888 per

505 1909 616 1940 totam
640 1908 793 1946 noctem,
817 1904 863 1936 ut
888 1900 1006 1936 etiam
1032 1896 1096 1935 hic
1119 1909 1203 1936 non
1227 1904 1345 1936 status
1371 1894 1533 1948 quidam
1559 1893 1691 1946 (quod
1703 1893 1882 1934 Rualdus
1907 1895 2017 1944 vult)
2045 1896 2244 1936 vocabulis
2268 1897 2345 1937 illis
2369 1899 2554 1937 innuatur

509 1964 689 2015 obtinens
714 1963 973 2003 Telemachus
998 1976 1090 2002 cum
1116 1964 1216 2001 curis
1241 1960 1502 2011 cruciabatur,
1534 1960 1601 1999 sed
1627 1959 1669 1998 id
1694 1959 1865 2012 dicatur,
1896 1959 2024 1999 filium
2051 1961 2164 2000 illum
2191 1963 2309 2014 patris
2334 1965 2554 2002 amantissi-

508 2042 624 2067 mum
649 2036 779 2067 totum
806 2029 986 2067 nocturni
1012 2029 1200 2079 temporis
1224 2028 1416 2079 spatium,
1452 2025 1518 2064 alii
1542 2025 1637 2071 «ubi
1672 2025 1826 2065 leniunt
1860 2039 1970 2065 curas
1994 2034 2033 2065 et
2060 2026 2176 2066 corda
2202 2027 2320 2066 oblita
2345 2028 2551 2068 laborum‘

507 2111 690 2134 emensum
717 2094 827 2144 quasi
851 2106 929 2132 esse
954 2093 1196 2144 vigilantem,
1221 2093 1399 2142 curisque
1425 2090 1474 2129 de
1498 2093 1615 2142 patris
1641 2093 1723 2130 vita
1747 2104 1788 2129 se
1813 2099 2070 2130 exercentem.
2115 2092 2163 2130 cf.
2192 2092 2240 2130 de
2267 2092 2338 2131 hac
2362 2106 2406 2131 re
2421 2093 2552 2132 Bern-

506 2157 632 2211 hardy
657 2170 697 2210 p.
723 2158 814 2208 236,
840 2158 876 2196 6.
924 2156 1093 2196 Kiihner
1118 2155 1150 2207 S.
1176 2157 1267 2207 606,
1296 2154 1357 2194 11.
1408 2154 1594 2195 Thiersch
1620 2154 1653 2206 S.
1680 2158 1779 2208 274,
1803 2157 1841 2195 5.
1870 2176 1919 2182 -
1947 2155 2059 2195 Haec
2085 2169 2180 2197 vero
2206 2170 2298 2196 cum
2324 2157 2374 2196 ad
2398 2157 2553 2198 sormu-

507 2225 588 2264 lam
613 2224 725 2263 illam
751 2222 802 2262 δι’
826 2222 1058 2275 ἀρρωστίαν
1090 2223 1283 2262 transferri
1317 2235 1400 2261 non
1424 2223 1591 2275 possint,
1615 2234 1689 2261 nec
1713 2221 1821 2261 aliud
1845 2222 1974 2261 ullum
1999 2223 2226 2275 exemplum
2260 2236 2393 2275 praep.
2422 2224 2492 2263 διά
2521 2238 2553 2263 c.

507 2303 587 2328 acc.
610 2290 686 2328 hoc
711 2302 824 2328 sensu
849 2290 1020 2340 positae,
1043 2301 1116 2326 nec
1141 2290 1220 2339 ipse
1245 2288 1415 2339 proferat
1438 2288 1635 2338 Rualdus,
1666 2300 1758 2339 nec,
1784 2300 1880 2339 quos
1904 2289 2074 2340 inspexi,
2098 2290 2342 2340 grammatici
2366 2288 2553 2341 suppedi-

506 2363 609 2395 tente
656 2354 728 2393 hac
762 2353 922 2407 quidem
960 2352 1178 2405 explicandi
1210 2354 1274 2392 via
1312 2367 1393 2392 non
1427 2366 1629 2405 possumus
1674 2354 1769 2403 quin
1806 2352 2033 2391 decedentes
2079 2353 2241 2392 alteram
2275 2354 2554 2406 ingrediamur,

509 2423 654 2473 quippe
688 2433 787 2472 quae
820 2419 939 2458 nulli8
973 2417 1262 2458 difficultatibus
1292 2418 1480 2470 impedita
1518 2418 1750 2457 facillimum
1785 2417 1834 2456 ad
1871 2417 2004 2457 locum
2036 2417 2333 2470 intelligendum
2371 2419 2553 2469 praebeat

508 2485 670 2525 aditum.
720 2482 845 2536 Supra
878 2484 1044 2534 dixerat,
1081 2480 1309 2534 Caesarem,
1345 2481 1616 2536 πλανώμενον
1641 2483 1802 2521 evasisse
1826 2481 1982 2521 insidias
2013 2483 2310 2535 inquisitorum3
2345 2483 2428 2535 jam
2461 2495 2553 2523 cum

509 2563 595 2591 voc.
630 2546 1082 2604 μετακομίζεσθαι
1120 2555 1254 2587 utatur
1288 2546 1414 2598 Plut.,
1449 2546 1554 2598 quod
1579 2546 1630 2586 de
1663 2549 1710 2586 iis
1734 2547 1829 2598 dici,
1864 2550 1930 2599 qui
1955 2558 2256 2602 transportantur
2281 2548 2436 2598 aliquo,
2468 2561 2550 2587 non

508 2622 582 2656 suis
606 2622 702 2654 eunt
727 2613 912 2667 pedibus,
935 2620 1040 2652 recte
1064 2615 1223 2653 monuit
1246 2611 1392 2651 Ruald.
1417 2612 1553 2660 (cferri
1577 2620 1704 2665 potest
1729 2610 1812 2652 Cic.
1836 2612 1996 2652 XLVI.
2035 2610 2275 2666 ἐκομίζοντο
2302 2610 2344 2651 ἐν
2371 2617 2553 2665 φορείοις

510 2677 776 2733 ἀπειρηκότες
802 2676 889 2720 ὑπὸ
916 2676 1097 2733 λύπης);
1134 2691 1306 2719 caussam
1339 2677 1500 2717 debebat
1531 2678 1673 2718 addere
1707 2691 1777 2717 cur
1810 2678 1883 2718 hac
1910 2676 2177 2730 proficiscendi
2203 2678 2370 2729 ratione,
2408 2679 2552 2730 quippe
