2885 3332
555 220 719 266 XXIV

496 340 751 387 collocatum
785 339 833 377 cf.
861 337 997 377 Stallb.
1033 337 1082 375 ad
1108 336 1275 374 Phaedr.
1303 349 1343 387 p.
1368 336 1466 384 256,
1503 335 1556 373 E.
1592 335 1712 375 Bahr.
1744 337 1794 375 ad
1828 337 1935 376 Plut.
1973 336 2130 390 Philop.
2159 336 2293 389 XIII,
2331 348 2370 389 p.
2397 337 2464 375 49.
2494 356 2541 361 —

496 402 640 444 Caesar
665 411 797 443 autem
824 411 929 454 tum,
967 415 1059 441 cum
1086 399 1204 441 Sulla
1233 402 1276 440 in
1301 399 1440 440 urbem
1467 400 1758 453 revertebatur,
1793 401 1952 441 XVIII
1980 402 2117 456 agebat
2142 415 2315 454 annum,
2351 414 2427 453 qua
2451 412 2544 439 sane

497 477 623 509 aetate
661 465 800 507 οὔπω
836 464 975 506 πάνυ
1007 464 1218 522 μειράκιον
1251 465 1328 511 (εἰη
1361 464 1463 504 taum
1496 464 1570 505 in’ss
1605 465 1913 517 Sixngtingssattct
1946 472 2165 518 getrctencr,
2204 466 2328 515 einer.
2362 468 2423 507 ber
2457 465 2543 511 nod)

498 535 591 581 nicht
612 532 973 582 retbtssimglingist,
1000 540 1045 571 ut
1072 528 1216 572 οὔπω
1242 529 1376 571 πάνυ
1402 533 1578 580 γενειῶν,
1604 530 1700 570 einer
1727 533 1788 570 bet
1816 533 1901 576 nod)
1929 532 2049 572 tetum
2076 533 2213 578 rechten
2241 533 2339 572 mart
2365 532 2445 581 bat)
2470 543 2547 585 po-

498 601 572 638 tuit
597 598 696 651 dici,
720 597 915 650 siquidem
938 595 1222 638 Chaeronensis
1246 599 1316 637 ista
1340 609 1437 637 voce
1463 597 1587 635 utitur
1611 598 1655 636 in
1680 596 1924 648 hominibus,
1950 600 2019 649 qui
2045 600 2287 637 tricesimum
2313 600 2447 637 aetatis
2471 610 2545 636 an-

494 678 592 703 num
616 666 701 716 jam
727 665 945 717 attigerint,
979 662 1053 713 (de
1078 663 1151 701 hac
1176 676 1219 701 re
1244 662 1293 701 cf.
1319 662 1369 701 sis
1393 661 1614 701 utilissimas
1641 661 1780 701 Bahrii
1804 669 1915 702 notas
1941 660 1991 701 ad
2018 661 2148 702 Alcib.
2174 676 2208 702 c.
2237 660 2377 714 XIII,
2402 676 2442 714 p.
2473 663 2546 701 123

496 738 535 768 et
560 729 813 781 Philopoem.
843 728 922 779 VI,
944 741 985 779 p.
1014 728 1089 775 27)
1115 728 1221 766 unde
1245 740 1316 766 suo
1341 727 1459 779 plane
1483 728 1569 779 jure
1595 730 1680 779 quis
1705 728 1874 780 colligat,
1898 727 2063 766 eandem
2090 730 2225 766 aetatis
2249 726 2421 766 florentis
2445 728 2547 766 viri-

495 795 645 847 busque
679 794 845 834 valentis
876 790 1202 845 significationem
1236 794 1359 832 inesse
1391 791 1484 831 huic
1514 792 1653 832 vocab.
1687 793 1793 845 apud
1819 793 1926 832 Plut.
1956 792 2000 840 ¹)
2039 806 2115 845 qua
2147 792 2285 832 vocab.
2321 797 2545 840 adolescens,

496 865 794 906 adolescentulus,
820 858 965 907 (Kritz.
994 856 1096 898 Sall.
1125 856 1213 898 Cat.
1242 856 1413 906 XLIX)
1433 863 1586 912 juvenis
1610 871 1633 897 a
1658 858 1807 899 Latinis
1831 861 2009 911 usurpari
2035 860 2078 898 in
2104 858 2244 912 vulgus
2268 864 2421 897 notum.
2461 856 2547 895 Ita-

497 938 573 976 que
601 938 727 975 quum
752 926 921 976 septimo
948 923 1104 962 decimo
1129 937 1233 962 anno
1267 932 1306 962 et
1340 923 1446 975 apud
1473 923 1731 964 Athenienses
1758 925 1828 973 (cf.
1852 924 1975 963 Babr.
2010 923 2060 962 ad
2084 923 2217 962 Alcib.
2243 923 2271 961 l.
2297 921 2349 971 l.)
2376 929 2416 960 et
2441 920 2547 972 apud

495 990 703 1029 Romanos
727 995 880 1044 puerilis
915 996 1019 1028 aetas
1054 985 1102 1041 (ἠ
1131 985 1300 1040 παιδικι)
1338 985 1501 1042 ἡλικία)
1528 988 1795 1040 excederetur,
1818 990 1984 1029 iniretur
2005 993 2198 1042 juvenilis,
2235 983 2441 1040 μειράκιον
2468 998 2547 1025 esse

494 1056 702 1093 hominem
727 1062 889 1106 putem,
925 1056 994 1105 qui
1019 1075 1070 1081 —
1094 1066 1176 1092 non
1202 1061 1246 1091 ut
1272 1053 1490 1105 Haitinger.
1515 1054 1604 1093 vult
1628 1054 1721 1092 Act.
1745 1054 1934 1106 philolog.
1959 1053 2115 1093 Monac.
2140 1052 2191 1090 T.
2221 1051 2290 1090 ΙΙΙ
2304 1079 2317 1103 ,
2349 1051 2371 1089 s.
2405 1049 2471 1102 11,
2507 1064 2545 1102 p.

497 1122 593 1172 196,
617 1126 843 1175 viqesae‘mum,
865 1118 933 1158 sed
959 1142 1009 1149 —
1035 1125 1224 1174 septimum
1249 1124 1426 1159 decimum
1451 1120 1585 1158 aetatis
1607 1132 1758 1158 annum
1784 1132 1954 1171 egressus
1977 1121 2046 1170 sit,
2082 1120 2202 1170 quam
2228 1129 2360 1156 meam
2385 1124 2545 1155 senten-

494 1188 595 1225 tiam
629 1186 740 1236 loco,
779 1197 899 1237 quem
925 1186 1025 1236 ipse,
1060 1184 1188 1235 male,
1214 1185 1376 1235 opinor,
1398 1183 1642 1222 intellectum
1667 1185 1710 1223 in
1734 1196 1845 1223 suam
1870 1197 1956 1223 rem
1982 1183 2112 1223 attulit
2136 1182 2407 1234 Haitingerus,
2432 1180 2545 1220 Brut.

493 1249 698 1289 XXVII:
726 1248 932 1288 ὑπατείαν
958 1245 1109 1291 ἔλαβεν
1136 1248 1206 1296 (sc.
1235 1248 1444 1296 Octavius)
1470 1244 1594 1287 οὔπω
1621 1246 1736 1286 πάνυ
1762 1246 1971 1301 μειράκιον
1997 1247 2077 1294 ὢν,
2105 1244 2197 1288 ἀλλ’
2223 1244 2407 1285 εἰκοστὸν
2433 1242 2547 1295 ὀίγων

492 1311 604 1366 ἔτος,
630 1314 736 1353 haud
763 1312 1013 1352 mediocriter
1038 1311 1263 1350 confirmari
1288 1314 1415 1362 qulvis
1440 1312 1637 1349 concedet.

613 1376 807 1431 ταύτης
833 1374 923 1431 μὲν
949 1375 1179 1417 ἐκπεσεῖν
1206 1373 1361 1416 αὐτὸν
1391 1372 1804 1425 ὑπεναντιωθεὶς
1829 1374 2032 1426 Σύλλας
2057 1378 2421 1429 παρεσκεύασε.
2447 1378 2545 1419 Ἐκ-

494 1450 703 1484 πίπτειν
736 1451 781 1482 ut
804 1445 964 1495 proprie
990 1442 1039 1480 de
1064 1441 1289 1480 hominibus
1315 1441 1477 1492 dicitur,
1515 1443 1583 1491 qui
1607 1448 1676 1479 aut
1699 1454 1767 1480 sua
1792 1449 1929 1493 sponte
1954 1442 2087 1482 locum
2113 1443 2286 1495 aliquem
2314 1451 2543 1484 consuetum

494 1509 777 1560 derelinquunt
802 1515 920 1559 atque
946 1520 994 1546 ex
1019 1519 1067 1545 eo
1093 1519 1133 1545 se
1160 1508 1268 1557 quasi
1292 1507 1523 1558 projiciunt,
1559 1513 1627 1544 aut
1652 1506 1787 1548 infesta
1814 1508 1983 1559 quadam
2014 1510 2055 1548 vi
2080 1516 2197 1560 atque
2221 1511 2400 1563 impetu,
2436 1510 2476 1549 id
2503 1518 2549 1549 ut

492 1575 634 1613 saciant
669 1581 880 1626 coguntur3
919 1572 967 1611 cf.
994 1570 1103 1611 Caes.
1132 1571 1236 1609 VII.
1275 1568 1404 1617 αὐτὸς
1435 1567 1510 1623 μὲν
1542 1570 1616 1619 (sc.
1641 1570 1893 1621 Κατιλίνας)
1926 1570 2138 1621 ἐξέπεσε
2171 1587 2222 1613 sc.
2255 1577 2327 1629 τῆς
2365 1573 2546 1622 πόλεως,

491 1641 573 1690 ipse
599 1638 760 1690 quidem
787 1637 928 1675 urbem
954 1649 1121 1687 propere
1145 1636 1320 1686 reliquit;
1358 1635 1454 1673 ibid.
1482 1634 1661 1675 LXVII.
1700 1634 1724 1688 ἡ
1754 1636 1949 1688 γερουσία
1975 1659 2024 1666 -
2051 1634 2120 1677 διὰ
2152 1640 2234 1676 τῶν
2268 1639 2410 1690 θυρῶν
2442 1636 2545 1685 ἐξέ-

492 1712 657 1740 πιπτε.
711 1701 854 1754 Pyrrh.
881 1699 1015 1738 XIII.
1049 1697 1143 1738 τότε
1179 1692 1286 1739 ὁόὖν
1321 1698 1379 1745 εἰς
1405 1695 1605 1751 ”Ηπειρον
1639 1699 1916 1740 ἐκπεσόντι
1949 1704 2011 1749 τῴ
2046 1698 2194 1754 Πύρρῳ
2230 1702 2298 1740 καὶ
2327 1698 2544 1754 προεμένῳ

490 1763 760 1804 Μακεδονίαν
785 1772 859 1804 etc.
908 1764 1090 1816 Pompej.
1115 1762 1328 1803 XXVIII.
1351 1763 1419 1802 καὶ
1446 1760 1500 1802 τά
1528 1767 1752 1816 πανταχοῦ
1784 1761 1984 1818 ληστήρια
2010 1767 2083 1817 τῆς
2110 1763 2331 1819 θαλάσσης
2364 1761 2545 1814 ἐξέπε-

490 1840 570 1869 σεν
604 1828 680 1868 οὐκ
711 1829 754 1870 ἐν
786 1827 947 1868 πλείονι
975 1828 1112 1883 χρόνῳ
1140 1831 1260 1880 τριῶν
1291 1831 1428 1883 μηνῶν
1454 1836 1527 1868 etc.
1553 1838 1646 1879 etc.;
1673 1830 1721 1869 de
1754 1832 1800 1870 iis
1826 1832 1894 1883 qui
1921 1830 2122 1871 obsidione
2147 1831 2288 1882 clausi,
2321 1839 2548 1882 erumpunt,

490 1895 680 1946 Xenoph.
706 1895 839 1933 Anab.
864 1894 928 1945 V,
952 1896 997 1945 2,
1022 1897 1083 1933 18.
1118 1896 1188 1933 καὶ
1215 1897 1349 1933 νικῶσι
1376 1891 1474 1940 τούς
1500 1893 1854 1942 ἐκπίπτοντας
1879 1895 1920 1934 οἱ
1946 1891 2066 1942 εἴσως
2106 1895 2155 1935 de
2179 1897 2336 1935 scenicis
2360 1903 2429 1935 aut
2454 1908 2546 1935 ora-

489 1961 638 2000 toribus
679 1961 866 2013 explosis,
914 1959 1119 1999 exsibilatis
1156 1960 1204 1998 cf.
1242 1958 1460 2014 Wyttenb.
1506 1962 1548 1998 in
1588 1958 1695 1999 Plut.
1730 1959 1871 2000 Moral.
1907 1974 1946 2013 p.
1988 1963 2077 2001 586.
2139 1961 2281 2001 Baehr.
2318 1961 2367 2001 ad
2403 1961 2545 2015 Pyrrh.

490 2026 621 2078 XIII,
655 2040 697 2079 p.
723 2028 811 2065 175.
865 2025 1048 2079 Pompej.
1077 2025 1240 2075 XLV1;
1276 2025 1325 2065 de
1359 2025 1490 2066 fluviIs
1520 2028 1623 2078 ripas
1656 2026 1954 2079 excedentibus,
1993 2026 2136 2067 Baehr.
2164 2028 2213 2066 ad
2240 2027 2382 2082 Pyrrh.
2408 2027 2471 2079 11,
2504 2042 2544 2080 p.

492 2095 565 2131 147
593 2101 667 2131 etc.
693 2114 736 2120 -
769 2094 823 2131 ita
848 2091 952 2131 haud
977 2105 1065 2131 raro
1089 2105 1202 2132 sensu
1228 2093 1417 2131 tralaticio
1441 2093 1603 2143 ponitur
1629 2092 1678 2131 de
1704 2094 1768 2144 iis,
1794 2093 1862 2144 qui
1888 2099 1956 2131 aut
1979 2092 2156 2145 legitimo
2181 2096 2323 2133 mentIs
2346 2101 2447 2133 statu
2472 2093 2544 2132 de-

489 2158 716 2208 turbantur,
754 2158 802 2195 cf.
828 2156 971 2210 Pyrrh.
998 2156 1118 2196 XVI.
1154 2155 1204 2195 οὐ
1242 2162 1451 2208 συνεχεῖτο
1478 2169 1513 2195 τ.
1542 2154 1740 2213 λογισμὸν
1767 2153 1865 2198 ου’ὂέ
1901 2159 1989 2198 τοῦ
2023 2164 2228 2210 φρονεῖν
2263 2155 2542 2208 ἐξέπιπτεν

489 2222 599 2262 Caes.
625 2222 839 2261 XXXIV.
866 2221 943 2261 εἰσὶ
970 2221 1045 2260 δὀἱ
1070 2222 1139 2260 καὶ
1166 2220 1338 2274 σφόδρα
1363 2218 1418 2260 τοὶ
1439 2220 1661 2274 Καίσαρος
1687 2220 1885 2274 ᾑρημένοι
1911 2221 2133 2274 πρότερον,
2171 2220 2416 2271 ἐξέπεσον
2441 2221 2543 2261 ὑπὸ

491 2285 690 2339 θάμβους
714 2285 810 2325 τότε
836 2288 935 2326 τών
962 2284 1247 2341 λογισμῶνε
1285 2284 1367 2326 Cic.
1394 2284 1555 2325 XLVI.
1580 2281 1715 2334 οὕτως
1740 2284 1989 2336 ἐξέπεσον
2016 2283 2102 2328 ὑπὸ
2131 2287 2271 2341 θυμοῦ
2296 2287 2364 2327 καὶ
2392 2285 2544 2342 λύσσης

490 2354 583 2389 τών
609 2350 952 2403 ἀνθρωπίνων
980 2349 1251 2404 λογισμῶν.
1279 2351 1608 2391 Cat.m.LXIII.
1634 2351 1699 2404 ἐφ’
1722 2349 1784 2398 οἷς
1810 2352 1852 2389 οἱ
1877 2350 1951 2403 μὲν
1976 2348 2100 2391 ἄλλοι
2131 2352 2401 2393 παντάπασιν
2425 2350 2540 2390 ἀπο-’-

488 2414 653 2465 γνόντες
675 2413 834 2457 ἑαυτῶν
860 2414 918 2463 εἰς
943 2414 1107 2467 δάκρυα
1132 2416 1200 2455 καὶ
1226 2413 1434 2469 ὀδυρμούς
1459 2414 1731 2466 ἐξέπεσον,
1769 2419 1869 2470 (quo
1894 2418 2141 2458 referendum
2173 2420 2267 2470 erit,
2302 2419 2408 2471 quod
2433 2417 2544 2458 Caes.

542 2576 580 2615 ¹)
609 2577 662 2608 De
691 2575 826 2609 ceteris
853 2585 924 2608 uon
954 2586 1103 2621 pugno3
1146 2578 1358 2612 Lobeckius
1395 2579 1539 2622 quidem
1568 2578 1604 2612 in
1633 2571 1729 2611 noti's
1757 2579 1802 2611 ad
1830 2578 2031 2621 Phrynichi
2066 2579 2221 2623 eclogas
2249 2589 2282 2622 p.
2309 2577 2384 2612 213
2409 2586 2541 2612 annum

607 2647 780 2694 quartum
806 2643 984 2679 decimum
1018 2643 1117 2686 apud
1143 2644 1332 2678 Platonem
1369 2645 1557 2688 aliosque,
1593 2647 1775 2687 tamquam
1811 2644 2025 2695 μειρακίου
2051 2647 2206 2678 aetatem
2234 2644 2422 2687 designari
2450 2653 2543 2678 con-

611 2706 737 2739 tendit.
