<?xml version="1.0" encoding="UTF-8"?>
<!DOCTYPE html PUBLIC "-//W3C//DTD XHTML 1.0 Transitional//EN"
    "http://www.w3.org/TR/xhtml1/DTD/xhtml1-transitional.dtd">
<html xmlns="http://www.w3.org/1999/xhtml" xml:lang="en" lang="en">
 <head>
  <title>
</title>
<meta http-equiv="Content-Type" content="text/html;charset=utf-8" />
  <meta name='ocr-system' content='tesseract 3.04.00' />
  <meta name='ocr-capabilities' content='ocr_page ocr_carea ocr_par ocr_line ocrx_word'/>
</head>
<body>
  <div class='ocr_page' id='page_1' title='image "./4769612_0029.png"; bbox 0 0 2879 3331; ppageno 0'>
   <div class='ocr_carea' id='block_1_1' title="bbox 2122 214 2288 261">
    <p class='ocr_par' dir='ltr' id='par_1_1' title="bbox 2122 214 2288 261">
     <span class='ocr_line' id='line_1_1' title="bbox 2122 214 2288 261; baseline 0.018 -2"><span class='ocrx_word' id='word_1_1' title='bbox 2122 214 2288 261; x_wconf 84' lang='lat' dir='ltr'><strong>xxm</strong></span> 
     </span>
    </p>
   </div>
   <div class='ocr_carea' id='block_1_2' title="bbox 294 327 2361 2716">
    <p class='ocr_par' dir='ltr' id='par_1_2' title="bbox 294 327 2361 2716">
     <span class='ocr_line' id='line_1_2' title="bbox 426 327 2349 386; baseline 0.003 -15"><span class='ocrx_word' id='word_1_2' title='bbox 426 327 571 371; x_wconf 83' lang='grc' dir='ltr'><em>οὔπω</em></span> <span class='ocrx_word' id='word_1_3' title='bbox 597 329 727 371; x_wconf 82' lang='grc' dir='ltr'><em>πάνυ</em></span> <span class='ocrx_word' id='word_1_4' title='bbox 755 330 1021 386; x_wconf 79' lang='grc' dir='ltr'><em>μειράκιον</em></span> <span class='ocrx_word' id='word_1_5' title='bbox 1048 329 1086 372; x_wconf 76' lang='grc' dir='ltr'><em>ὦ</em></span> <span class='ocrx_word' id='word_1_6' title='bbox 1093 348 1125 372; x_wconf 86' lang='grc' dir='ltr'><strong>ν.</strong></span> <span class='ocrx_word' id='word_1_7' title='bbox 1162 331 1394 373; x_wconf 83' lang='lat' dir='ltr'><strong>Schaeserus</strong></span> <span class='ocrx_word' id='word_1_8' title='bbox 1417 331 1557 373; x_wconf 87' lang='lat' dir='ltr'>haecce</span> <span class='ocrx_word' id='word_1_9' title='bbox 1582 334 1806 374; x_wconf 80' lang='lat' dir='ltr'><strong>annotavit:</strong></span> <span class='ocrx_word' id='word_1_10' title='bbox 1834 331 1977 386; x_wconf 77' lang='lat' dir='ltr'><strong>„lldvv</strong></span> <span class='ocrx_word' id='word_1_11' title='bbox 2004 332 2141 374; x_wconf 87' lang='lat' dir='ltr'><strong>Corais</strong></span> <span class='ocrx_word' id='word_1_12' title='bbox 2166 338 2349 376; x_wconf 80' lang='lat' dir='ltr'>asteriscis</span> 
     </span>
     <span class='ocr_line' id='line_1_3' title="bbox 304 395 2346 453; baseline 0.001 -18"><span class='ocrx_word' id='word_1_13' title='bbox 304 396 458 435; x_wconf 83' lang='lat' dir='ltr'><strong>inclusit</strong></span> <span class='ocrx_word' id='word_1_14' title='bbox 482 403 527 434; x_wconf 87' lang='lat' dir='ltr'><strong>ut</strong></span> <span class='ocrx_word' id='word_1_15' title='bbox 552 395 774 435; x_wconf 88' lang='lat' dir='ltr'><strong>delendum.</strong></span> <span class='ocrx_word' id='word_1_16' title='bbox 826 395 947 449; x_wconf 85' lang='lat' dir='ltr'><strong>Quod</strong></span> <span class='ocrx_word' id='word_1_17' title='bbox 981 405 1162 437; x_wconf 87' lang='lat' dir='ltr'><strong>retractat</strong></span> <span class='ocrx_word' id='word_1_18' title='bbox 1186 406 1226 437; x_wconf 93' lang='lat' dir='ltr'><strong>et</strong></span> <span class='ocrx_word' id='word_1_19' title='bbox 1250 402 1292 438; x_wconf 89' lang='lat' dir='ltr'><strong>in</strong></span> <span class='ocrx_word' id='word_1_20' title='bbox 1318 397 1505 438; x_wconf 89' lang='lat' dir='ltr'><strong>Addend.</strong></span> <span class='ocrx_word' id='word_1_21' title='bbox 1532 411 1571 450; x_wconf 89' lang='lat' dir='ltr'><strong>p.</strong></span> <span class='ocrx_word' id='word_1_22' title='bbox 1597 401 1674 437; x_wconf 86' lang='lat'><strong>503</strong></span> <span class='ocrx_word' id='word_1_23' title='bbox 1720 396 1990 452; x_wconf 80' lang='grc' dir='ltr'><em>[ῙΙΙεταμὲ-λει</em></span> <span class='ocrx_word' id='word_1_24' title='bbox 2025 412 2098 453; x_wconf 89' lang='grc' dir='ltr'><strong>μοι</strong></span> <span class='ocrx_word' id='word_1_25' title='bbox 2133 399 2346 453; x_wconf 73' lang='grc' dir='ltr'><em>ἀμφισβη-</em></span> 
     </span>
     <span class='ocr_line' id='line_1_4' title="bbox 305 458 2348 517; baseline 0.002 -19"><span class='ocrx_word' id='word_1_26' title='bbox 305 459 473 512; x_wconf 67' lang='grc' dir='ltr'><em>τήσαντι</em></span> <span class='ocrx_word' id='word_1_27' title='bbox 499 460 592 511; x_wconf 82' lang='grc' dir='ltr'><em>περὶ</em></span> <span class='ocrx_word' id='word_1_28' title='bbox 619 463 690 513; x_wconf 71' lang='grc' dir='ltr'><strong>τῆς</strong></span> <span class='ocrx_word' id='word_1_29' title='bbox 721 463 907 513; x_wconf 75' lang='grc' dir='ltr'><em>γραφῆς·</em></span> <span class='ocrx_word' id='word_1_30' title='bbox 946 462 1013 500; x_wconf 85' lang='grc' dir='ltr'><strong>καὶ</strong></span> <span class='ocrx_word' id='word_1_31' title='bbox 1041 460 1236 513; x_wconf 78' lang='grc' dir='ltr'><em>ἀλλαχοῦ</em></span> <span class='ocrx_word' id='word_1_32' title='bbox 1261 460 1341 516; x_wconf 74' lang='grc' dir='ltr'><strong>γάρ</strong></span> <span class='ocrx_word' id='word_1_33' title='bbox 1370 461 1564 516; x_wconf 75' lang='grc' dir='ltr'><em>κέχρηται</em></span> <span class='ocrx_word' id='word_1_34' title='bbox 1589 464 1650 510; x_wconf 78' lang='grc' dir='ltr'><strong>τῴ</strong></span> <span class='ocrx_word' id='word_1_35' title='bbox 1678 458 1821 502; x_wconf 92' lang='grc' dir='ltr'><em>οὔπω</em></span> <span class='ocrx_word' id='word_1_36' title='bbox 1848 462 1977 504; x_wconf 81' lang='grc' dir='ltr'><em>πάνυ</em></span> <span class='ocrx_word' id='word_1_37' title='bbox 2005 462 2029 503; x_wconf 91' lang='grc' dir='ltr'>ὁ</span> <span class='ocrx_word' id='word_1_38' title='bbox 2059 462 2348 517; x_wconf 82' lang='grc' dir='ltr'><em>Πλούταρχος,</em></span> 
     </span>
     <span class='ocr_line' id='line_1_5' title="bbox 305 520 2348 581; baseline 0 -18"><span class='ocrx_word' id='word_1_39' title='bbox 305 520 524 577; x_wconf 76' lang='grc' dir='ltr'><em>ἑλληνικῶς</em></span> <span class='ocrx_word' id='word_1_40' title='bbox 553 521 639 572; x_wconf 74' lang='grc' dir='ltr'><strong>μὲν,</strong></span> <span class='ocrx_word' id='word_1_41' title='bbox 662 524 711 563; x_wconf 81' lang='grc' dir='ltr'><strong>οὐ</strong></span> <span class='ocrx_word' id='word_1_42' title='bbox 737 524 849 564; x_wconf 82' lang='grc' dir='ltr'><em>πάνυ</em></span> <span class='ocrx_word' id='word_1_43' title='bbox 871 524 950 580; x_wconf 64' lang='grc' dir='ltr'><strong>μήν</strong></span> <span class='ocrx_word' id='word_1_44' title='bbox 977 525 1222 580; x_wconf 77' lang='grc' dir='ltr'><em>ἀμέμπτως,</em></span> <span class='ocrx_word' id='word_1_45' title='bbox 1251 524 1319 566; x_wconf 75' lang='grc' dir='ltr'><strong>διὰ</strong></span> <span class='ocrx_word' id='word_1_46' title='bbox 1342 525 1391 565; x_wconf 86' lang='grc' dir='ltr'><strong>τὸ</strong></span> <span class='ocrx_word' id='word_1_47' title='bbox 1416 523 1614 581; x_wconf 75' lang='grc' dir='ltr'><em>προςεχὲς</em></span> <span class='ocrx_word' id='word_1_48' title='bbox 1637 524 1859 580; x_wconf 69' lang='grc' dir='ltr'><em>ὡρισμένης</em></span> <span class='ocrx_word' id='word_1_49' title='bbox 1881 526 2040 580; x_wconf 70' lang='grc' dir='ltr'><em>ἡλικίας</em></span> <span class='ocrx_word' id='word_1_50' title='bbox 2063 526 2212 581; x_wconf 81' lang='grc' dir='ltr'><em>ὄνομα,</em></span> <span class='ocrx_word' id='word_1_51' title='bbox 2237 525 2348 565; x_wconf 67' lang='lat' dir='ltr'><strong>Mea-</strong></span> 
     </span>
     <span class='ocr_line' id='line_1_6' title="bbox 301 587 2348 644; baseline 0.001 -18"><span class='ocrx_word' id='word_1_52' title='bbox 301 591 456 639; x_wconf 79' lang='grc' dir='ltr'><strong>ρακιον]</strong></span> <span class='ocrx_word' id='word_1_53' title='bbox 477 596 516 626; x_wconf 91' lang='lat' dir='ltr'><strong>et</strong></span> <span class='ocrx_word' id='word_1_54' title='bbox 532 591 572 627; x_wconf 89' lang='lat' dir='ltr'><strong>in</strong></span> <span class='ocrx_word' id='word_1_55' title='bbox 586 592 684 628; x_wconf 92' lang='lat' dir='ltr'><strong>curis</strong></span> <span class='ocrx_word' id='word_1_56' title='bbox 697 589 871 629; x_wconf 89' lang='lat' dir='ltr'><strong>secundis</strong></span> <span class='ocrx_word' id='word_1_57' title='bbox 888 590 936 630; x_wconf 89' lang='lat' dir='ltr'><strong>T.</strong></span> <span class='ocrx_word' id='word_1_58' title='bbox 951 590 1031 641; x_wconf 81' lang='lat' dir='ltr'><strong>Vl,</strong></span> <span class='ocrx_word' id='word_1_59' title='bbox 1046 604 1086 641; x_wconf 92' lang='lat' dir='ltr'><strong>p.</strong></span> <span class='ocrx_word' id='word_1_60' title='bbox 1104 591 1195 641; x_wconf 85' lang='lat'><strong>485,</strong></span> <span class='ocrx_word' id='word_1_61' title='bbox 1211 590 1273 630; x_wconf 87' lang='lat' dir='ltr'><strong>hic</strong></span> <span class='ocrx_word' id='word_1_62' title='bbox 1288 593 1420 643; x_wconf 89' lang='lat' dir='ltr'><strong>citans,</strong></span> <span class='ocrx_word' id='word_1_63' title='bbox 1439 593 1545 644; x_wconf 92' lang='lat' dir='ltr'><strong>quod</strong></span> <span class='ocrx_word' id='word_1_64' title='bbox 1564 605 1679 643; x_wconf 89' lang='lat' dir='ltr'><strong>supra</strong></span> <span class='ocrx_word' id='word_1_65' title='bbox 1697 605 1738 643; x_wconf 93' lang='lat' dir='ltr'><strong>p.</strong></span> <span class='ocrx_word' id='word_1_66' title='bbox 1758 594 1823 642; x_wconf 87' lang='lat'><strong>48,</strong></span> <span class='ocrx_word' id='word_1_67' title='bbox 1837 595 1885 630; x_wconf 84' lang='lat'><strong>29</strong></span> <span class='ocrx_word' id='word_1_68' title='bbox 1897 592 2065 643; x_wconf 87' lang='lat' dir='ltr'><strong>(Pomp.</strong></span> <span class='ocrx_word' id='word_1_69' title='bbox 2080 592 2205 643; x_wconf 90' lang='lat' dir='ltr'><strong>XlV,</strong></span> <span class='ocrx_word' id='word_1_70' title='bbox 2222 587 2348 631; x_wconf 84' lang='grc' dir='ltr'><em>οὔπω</em></span> 
     </span>
     <span class='ocr_line' id='line_1_7' title="bbox 305 648 2345 708; baseline 0.004 -21"><span class='ocrx_word' id='word_1_71' title='bbox 305 648 418 690; x_wconf 77' lang='grc' dir='ltr'><em>πάνυ</em></span> <span class='ocrx_word' id='word_1_72' title='bbox 431 654 612 702; x_wconf 79' lang='grc' dir='ltr'><em>γενειῶν)</em></span> <span class='ocrx_word' id='word_1_73' title='bbox 631 655 710 693; x_wconf 91' lang='lat' dir='ltr'><strong>illic</strong></span> <span class='ocrx_word' id='word_1_74' title='bbox 726 655 831 706; x_wconf 86' lang='lat' dir='ltr'><strong>quod</strong></span> <span class='ocrx_word' id='word_1_75' title='bbox 852 655 902 695; x_wconf 88' lang='lat' dir='ltr'><strong>T.</strong></span> <span class='ocrx_word' id='word_1_76' title='bbox 924 655 1001 701; x_wconf 85' lang='lat' dir='ltr'><strong>lv,</strong></span> <span class='ocrx_word' id='word_1_77' title='bbox 1027 668 1067 706; x_wconf 78' lang='lat' dir='ltr'><strong>p.</strong></span> <span class='ocrx_word' id='word_1_78' title='bbox 1085 656 1171 705; x_wconf 84' lang='grc'>172,</span> <span class='ocrx_word' id='word_1_79' title='bbox 1190 656 1253 694; x_wconf 89' lang='grc'><strong>33.</strong></span> <span class='ocrx_word' id='word_1_80' title='bbox 1268 656 1418 708; x_wconf 89' lang='lat' dir='ltr'><strong>legitur.</strong></span> <span class='ocrx_word' id='word_1_81' title='bbox 1446 656 1585 696; x_wconf 88' lang='lat' dir='ltr'><strong>Recte.</strong></span> <span class='ocrx_word' id='word_1_82' title='bbox 1619 651 1757 697; x_wconf 86' lang='grc' dir='ltr'><em>Οὔπω</em></span> <span class='ocrx_word' id='word_1_83' title='bbox 1773 654 1897 708; x_wconf 85' lang='grc' dir='ltr'><em>πάνυ,</em></span> <span class='ocrx_word' id='word_1_84' title='bbox 1918 656 2024 708; x_wconf 89' lang='lat' dir='ltr'><strong>quod</strong></span> <span class='ocrx_word' id='word_1_85' title='bbox 2038 654 2171 695; x_wconf 86' lang='lat' dir='ltr'><strong>Corais</strong></span> <span class='ocrx_word' id='word_1_86' title='bbox 2194 656 2345 695; x_wconf 90' lang='lat' dir='ltr'><strong>nollem</strong></span> 
     </span>
     <span class='ocr_line' id='line_1_8' title="bbox 305 714 2345 774; baseline 0.003 -21"><span class='ocrx_word' id='word_1_87' title='bbox 305 714 456 755; x_wconf 85' lang='lat' dir='ltr'><strong>dixisset</strong></span> <span class='ocrx_word' id='word_1_88' title='bbox 480 715 755 771; x_wconf 78' lang='grc' dir='ltr'><em>ἐπίμεμπτον,</em></span> <span class='ocrx_word' id='word_1_89' title='bbox 778 719 927 759; x_wconf 88' lang='lat' dir='ltr'><strong>nedum</strong></span> <span class='ocrx_word' id='word_1_90' title='bbox 954 717 1081 758; x_wconf 77' lang='grc' dir='ltr'><em>κακόν</em></span> <span class='ocrx_word' id='word_1_91' title='bbox 1114 720 1314 774; x_wconf 86' lang='lat' dir='ltr'><strong>aliquanto</strong></span> <span class='ocrx_word' id='word_1_92' title='bbox 1339 721 1424 773; x_wconf 89' lang='lat' dir='ltr'><strong>plus</strong></span> <span class='ocrx_word' id='word_1_93' title='bbox 1457 723 1582 774; x_wconf 85' lang='lat' dir='ltr'><strong>valet,</strong></span> <span class='ocrx_word' id='word_1_94' title='bbox 1626 735 1745 774; x_wconf 87' lang='lat' dir='ltr'><strong>quam</strong></span> <span class='ocrx_word' id='word_1_95' title='bbox 1779 722 1907 760; x_wconf 89' lang='lat' dir='ltr'><strong>solum</strong></span> <span class='ocrx_word' id='word_1_96' title='bbox 1936 718 2100 760; x_wconf 81' lang='grc' dir='ltr'><em>οὔπω.“</em></span> <span class='ocrx_word' id='word_1_97' title='bbox 2143 720 2345 772; x_wconf 86' lang='lat' dir='ltr'><strong>Equidem</strong></span> 
     </span>
     <span class='ocr_line' id='line_1_9' title="bbox 306 781 2346 839; baseline 0.002 -19"><span class='ocrx_word' id='word_1_98' title='bbox 306 781 411 832; x_wconf 85' lang='lat' dir='ltr'><strong>quod</strong></span> <span class='ocrx_word' id='word_1_99' title='bbox 436 782 485 821; x_wconf 93' lang='lat' dir='ltr'><strong>ad</strong></span> <span class='ocrx_word' id='word_1_100' title='bbox 509 784 753 824; x_wconf 89' lang='lat' dir='ltr'><strong>retinendam</strong></span> <span class='ocrx_word' id='word_1_101' title='bbox 779 785 959 825; x_wconf 89' lang='lat' dir='ltr'><strong>codicum</strong></span> <span class='ocrx_word' id='word_1_102' title='bbox 985 785 1208 837; x_wconf 85' lang='lat' dir='ltr'><strong>lectionem,</strong></span> <span class='ocrx_word' id='word_1_103' title='bbox 1231 787 1414 825; x_wconf 78' lang='lat' dir='ltr'><strong>assentior</strong></span> <span class='ocrx_word' id='word_1_104' title='bbox 1438 788 1504 839; x_wconf 86' lang='lat' dir='ltr'><strong>ita,</strong></span> <span class='ocrx_word' id='word_1_105' title='bbox 1527 796 1571 826; x_wconf 85' lang='lat' dir='ltr'><strong>ut</strong></span> <span class='ocrx_word' id='word_1_106' title='bbox 1597 785 1727 827; x_wconf 81' lang='grc' dir='ltr'><em>πάνυ</em></span> <span class='ocrx_word' id='word_1_107' title='bbox 1753 787 1822 825; x_wconf 93' lang='lat' dir='ltr'><strong>illo</strong></span> <span class='ocrx_word' id='word_1_108' title='bbox 1855 787 1983 825; x_wconf 91' lang='lat' dir='ltr'><strong>deleto</strong></span> <span class='ocrx_word' id='word_1_109' title='bbox 2009 799 2165 825; x_wconf 89' lang='lat' dir='ltr'><strong>sensum</strong></span> <span class='ocrx_word' id='word_1_110' title='bbox 2192 799 2216 824; x_wconf 91' lang='lat' dir='ltr'><strong>a</strong></span> <span class='ocrx_word' id='word_1_111' title='bbox 2241 785 2346 824; x_wconf 91' lang='lat' dir='ltr'><strong>Plut.</strong></span> 
     </span>
     <span class='ocr_line' id='line_1_10' title="bbox 305 850 2348 904; baseline 0.002 -19"><span class='ocrx_word' id='word_1_112' title='bbox 305 855 436 886; x_wconf 87' lang='lat' dir='ltr'><strong>mente</strong></span> <span class='ocrx_word' id='word_1_113' title='bbox 454 861 606 901; x_wconf 90' lang='lat' dir='ltr'><strong>prorsus</strong></span> <span class='ocrx_word' id='word_1_114' title='bbox 628 850 802 888; x_wconf 88' lang='lat' dir='ltr'><strong>alienum</strong></span> <span class='ocrx_word' id='word_1_115' title='bbox 820 851 925 887; x_wconf 88' lang='lat' dir='ltr'><strong>exire</strong></span> <span class='ocrx_word' id='word_1_116' title='bbox 947 859 1162 901; x_wconf 79' lang='lat' dir='ltr'><strong>putem3—</strong></span> <span class='ocrx_word' id='word_1_117' title='bbox 1181 864 1261 892; x_wconf 86' lang='lat' dir='ltr'><strong>non</strong></span> <span class='ocrx_word' id='word_1_118' title='bbox 1279 864 1435 903; x_wconf 88' lang='lat' dir='ltr'><strong>possum</strong></span> <span class='ocrx_word' id='word_1_119' title='bbox 1458 855 1569 891; x_wconf 89' lang='lat' dir='ltr'><strong>omni</strong></span> <span class='ocrx_word' id='word_1_120' title='bbox 1587 867 1635 892; x_wconf 83' lang='lat' dir='ltr'><strong>ex</strong></span> <span class='ocrx_word' id='word_1_121' title='bbox 1654 861 1764 904; x_wconf 84' lang='lat' dir='ltr'><strong>parte</strong></span> <span class='ocrx_word' id='word_1_122' title='bbox 1779 852 1957 904; x_wconf 91' lang='lat' dir='ltr'><strong>probare,</strong></span> <span class='ocrx_word' id='word_1_123' title='bbox 1974 865 2072 904; x_wconf 90' lang='lat' dir='ltr'><strong>quae</strong></span> <span class='ocrx_word' id='word_1_124' title='bbox 2087 854 2148 890; x_wconf 93' lang='lat' dir='ltr'><strong>vir</strong></span> <span class='ocrx_word' id='word_1_125' title='bbox 2169 853 2348 897; x_wconf 84' lang='lat' dir='ltr'><strong>eximius,</strong></span> 
     </span>
     <span class='ocr_line' id='line_1_11' title="bbox 307 913 2346 969; baseline 0.002 -20"><span class='ocrx_word' id='word_1_126' title='bbox 307 922 478 950; x_wconf 83' lang='lat' dir='ltr'><strong>caussam</strong></span> <span class='ocrx_word' id='word_1_127' title='bbox 496 920 541 951; x_wconf 87' lang='lat' dir='ltr'><strong>ut</strong></span> <span class='ocrx_word' id='word_1_128' title='bbox 559 922 689 965; x_wconf 84' lang='lat' dir='ltr'><strong>ageret</strong></span> <span class='ocrx_word' id='word_1_129' title='bbox 705 914 884 952; x_wconf 86' lang='lat' dir='ltr'><strong>vocabuli</strong></span> <span class='ocrx_word' id='word_1_130' title='bbox 902 915 1015 967; x_wconf 90' lang='lat' dir='ltr'><strong>illius,</strong></span> <span class='ocrx_word' id='word_1_131' title='bbox 1028 915 1206 955; x_wconf 89' lang='lat' dir='ltr'><strong>addenda</strong></span> <span class='ocrx_word' id='word_1_132' title='bbox 1226 918 1393 969; x_wconf 88' lang='lat' dir='ltr'><strong>putavit.</strong></span> <span class='ocrx_word' id='word_1_133' title='bbox 1424 913 1499 955; x_wconf 84' lang='grc' dir='ltr'><strong>Οὔ</strong></span> <span class='ocrx_word' id='word_1_134' title='bbox 1509 926 1584 954; x_wconf 86' lang='grc' dir='ltr'><strong>πω</strong></span> <span class='ocrx_word' id='word_1_135' title='bbox 1604 920 1711 955; x_wconf 73' lang='lat' dir='ltr'><strong>enlm</strong></span> <span class='ocrx_word' id='word_1_136' title='bbox 1729 931 1821 955; x_wconf 90' lang='lat' dir='ltr'><strong>cum</strong></span> <span class='ocrx_word' id='word_1_137' title='bbox 1838 918 1967 955; x_wconf 86' lang='lat' dir='ltr'><strong>valeat</strong></span> <span class='ocrx_word' id='word_1_138' title='bbox 1983 917 2031 954; x_wconf 89' lang='lat' dir='ltr'><strong>de</strong></span> <span class='ocrx_word' id='word_1_139' title='bbox 2054 925 2246 967; x_wconf 91' lang='lat' dir='ltr'><strong>tempore,</strong></span> <span class='ocrx_word' id='word_1_140' title='bbox 2265 929 2346 967; x_wconf 92' lang='lat' dir='ltr'><strong>quo</strong></span> 
     </span>
     <span class='ocr_line' id='line_1_12' title="bbox 309 975 2346 1033; baseline 0.002 -19"><span class='ocrx_word' id='word_1_141' title='bbox 309 977 403 1026; x_wconf 90' lang='lat' dir='ltr'><strong>quid</strong></span> <span class='ocrx_word' id='word_1_142' title='bbox 424 975 508 1015; x_wconf 89' lang='lat' dir='ltr'><strong>fieri</strong></span> <span class='ocrx_word' id='word_1_143' title='bbox 528 986 595 1015; x_wconf 92' lang='lat' dir='ltr'><strong>aut</strong></span> <span class='ocrx_word' id='word_1_144' title='bbox 608 979 755 1016; x_wconf 82' lang='lat' dir='ltr'><strong>factum</strong></span> <span class='ocrx_word' id='word_1_145' title='bbox 776 992 854 1018; x_wconf 88' lang='lat' dir='ltr'><strong>esse</strong></span> <span class='ocrx_word' id='word_1_146' title='bbox 874 989 1057 1032; x_wconf 85' lang='lat' dir='ltr'><strong>negatur,</strong></span> <span class='ocrx_word' id='word_1_147' title='bbox 1080 978 1209 1020; x_wconf 79' lang='grc' dir='ltr'><em>πάνυ</em></span> <span class='ocrx_word' id='word_1_148' title='bbox 1235 990 1369 1021; x_wconf 83' lang='lat' dir='ltr'><strong>contra</strong></span> <span class='ocrx_word' id='word_1_149' title='bbox 1386 982 1472 1020; x_wconf 86' lang='lat' dir='ltr'><strong>vim</strong></span> <span class='ocrx_word' id='word_1_150' title='bbox 1489 981 1628 1021; x_wconf 84' lang='lat' dir='ltr'><strong>habeat</strong></span> <span class='ocrx_word' id='word_1_151' title='bbox 1645 982 1851 1032; x_wconf 83' lang='lat' dir='ltr'><strong>elativam,</strong></span> <span class='ocrx_word' id='word_1_152' title='bbox 1865 995 1984 1033; x_wconf 87' lang='lat' dir='ltr'><strong>quam</strong></span> <span class='ocrx_word' id='word_1_153' title='bbox 1998 981 2144 1031; x_wconf 82' lang='lat' dir='ltr'><strong>dicunt,</strong></span> <span class='ocrx_word' id='word_1_154' title='bbox 2156 981 2346 1019; x_wconf 84' lang='lat' dir='ltr'><strong>modurn-</strong></span> 
     </span>
     <span class='ocr_line' id='line_1_13' title="bbox 306 1043 2349 1098; baseline 0.002 -19"><span class='ocrx_word' id='word_1_155' title='bbox 306 1052 382 1092; x_wconf 89' lang='lat' dir='ltr'><strong>que</strong></span> <span class='ocrx_word' id='word_1_156' title='bbox 399 1050 558 1094; x_wconf 87' lang='lat' dir='ltr'><strong>augeat:</strong></span> <span class='ocrx_word' id='word_1_157' title='bbox 581 1043 676 1081; x_wconf 91' lang='lat' dir='ltr'><strong>illud</strong></span> <span class='ocrx_word' id='word_1_158' title='bbox 694 1056 775 1082; x_wconf 92' lang='lat' dir='ltr'><strong>non</strong></span> <span class='ocrx_word' id='word_1_159' title='bbox 796 1046 868 1082; x_wconf 88' lang='lat' dir='ltr'><strong>nisi</strong></span> <span class='ocrx_word' id='word_1_160' title='bbox 886 1045 1011 1086; x_wconf 89' lang='lat' dir='ltr'><strong>verbis</strong></span> <span class='ocrx_word' id='word_1_161' title='bbox 1031 1054 1186 1097; x_wconf 89' lang='lat' dir='ltr'><strong>tempus</strong></span> <span class='ocrx_word' id='word_1_162' title='bbox 1212 1046 1498 1097; x_wconf 80' lang='lat' dir='ltr'><strong>denotantibus,</strong></span> <span class='ocrx_word' id='word_1_163' title='bbox 1521 1044 1597 1085; x_wconf 88' lang='lat' dir='ltr'><strong>hoc</strong></span> <span class='ocrx_word' id='word_1_164' title='bbox 1620 1045 1818 1098; x_wconf 85' lang='lat' dir='ltr'><strong>adjectivis</strong></span> <span class='ocrx_word' id='word_1_165' title='bbox 1840 1054 2006 1095; x_wconf 84' lang='lat' dir='ltr'><strong>tantum,</strong></span> <span class='ocrx_word' id='word_1_166' title='bbox 2030 1053 2100 1083; x_wconf 88' lang='lat' dir='ltr'><strong>aut</strong></span> <span class='ocrx_word' id='word_1_167' title='bbox 2123 1045 2349 1083; x_wconf 87' lang='lat' dir='ltr'><strong>nominibus</strong></span> 
     </span>
     <span class='ocr_line' id='line_1_14' title="bbox 306 1106 2350 1162; baseline 0.001 -18"><span class='ocrx_word' id='word_1_168' title='bbox 306 1106 587 1159; x_wconf 83' lang='lat' dir='ltr'><strong>adjectivorum</strong></span> <span class='ocrx_word' id='word_1_169' title='bbox 614 1110 699 1147; x_wconf 92' lang='lat' dir='ltr'><strong>vice</strong></span> <span class='ocrx_word' id='word_1_170' title='bbox 723 1110 989 1161; x_wconf 86' lang='lat' dir='ltr'><strong>fungentibus,</strong></span> <span class='ocrx_word' id='word_1_171' title='bbox 1014 1118 1080 1148; x_wconf 89' lang='lat' dir='ltr'><strong>aut</strong></span> <span class='ocrx_word' id='word_1_172' title='bbox 1107 1111 1234 1150; x_wconf 87' lang='lat' dir='ltr'><strong>verbis</strong></span> <span class='ocrx_word' id='word_1_173' title='bbox 1258 1111 1448 1162; x_wconf 89' lang='lat' dir='ltr'><strong>denique,</strong></span> <span class='ocrx_word' id='word_1_174' title='bbox 1472 1111 1611 1162; x_wconf 89' lang='lat' dir='ltr'><strong>quibus</strong></span> <span class='ocrx_word' id='word_1_175' title='bbox 1636 1110 1846 1161; x_wconf 86' lang='lat' dir='ltr'><strong>praedicati</strong></span> <span class='ocrx_word' id='word_1_176' title='bbox 1865 1112 1962 1148; x_wconf 87' lang='lat' dir='ltr'><strong>inest</strong></span> <span class='ocrx_word' id='word_1_177' title='bbox 1982 1112 2090 1148; x_wconf 90' lang='lat' dir='ltr'><strong>notio</strong></span> <span class='ocrx_word' id='word_1_178' title='bbox 2108 1111 2254 1161; x_wconf 89' lang='lat' dir='ltr'><strong>apponi</strong></span> <span class='ocrx_word' id='word_1_179' title='bbox 2274 1123 2350 1162; x_wconf 90' lang='lat' dir='ltr'><strong>po-</strong></span> 
     </span>
     <span class='ocr_line' id='line_1_15' title="bbox 304 1169 2349 1228; baseline 0.001 -18"><span class='ocrx_word' id='word_1_180' title='bbox 304 1178 393 1220; x_wconf 80' lang='lat' dir='ltr'><strong>test3</strong></span> <span class='ocrx_word' id='word_1_181' title='bbox 411 1179 541 1211; x_wconf 78' lang='lat' dir='ltr'><strong>nostro</strong></span> <span class='ocrx_word' id='word_1_182' title='bbox 563 1174 694 1223; x_wconf 90' lang='lat' dir='ltr'><strong>itaque</strong></span> <span class='ocrx_word' id='word_1_183' title='bbox 716 1174 803 1212; x_wconf 94' lang='lat' dir='ltr'><strong>loco</strong></span> <span class='ocrx_word' id='word_1_184' title='bbox 826 1169 948 1212; x_wconf 83' lang='grc' dir='ltr'><em>οὔπω</em></span> <span class='ocrx_word' id='word_1_185' title='bbox 970 1175 1019 1213; x_wconf 92' lang='lat' dir='ltr'><strong>ad</strong></span> <span class='ocrx_word' id='word_1_186' title='bbox 1036 1177 1212 1227; x_wconf 86' lang='lat' dir='ltr'><strong>particip.</strong></span> <span class='ocrx_word' id='word_1_187' title='bbox 1232 1171 1289 1212; x_wconf 80' lang='grc' dir='ltr'><em>α’)’ν</em></span> <span class='ocrx_word' id='word_1_188' title='bbox 1304 1175 1552 1215; x_wconf 82' lang='lat' dir='ltr'><strong>referendum</strong></span> <span class='ocrx_word' id='word_1_189' title='bbox 1576 1177 1661 1226; x_wconf 90' lang='lat' dir='ltr'><strong>erit,</strong></span> <span class='ocrx_word' id='word_1_190' title='bbox 1681 1174 1778 1213; x_wconf 91' lang='lat' dir='ltr'><strong>dum</strong></span> <span class='ocrx_word' id='word_1_191' title='bbox 1800 1173 1912 1213; x_wconf 66' lang='grc' dir='ltr'><em>πάνυ</em></span> <span class='ocrx_word' id='word_1_192' title='bbox 1933 1175 2124 1214; x_wconf 82' lang='lat' dir='ltr'><strong>vocabulo</strong></span> <span class='ocrx_word' id='word_1_193' title='bbox 2141 1171 2349 1228; x_wconf 75' lang='grc' dir='ltr'><em>μειράκιον</em></span> 
     </span>
     <span class='ocr_line' id='line_1_16' title="bbox 305 1236 2349 1295; baseline 0.002 -22"><span class='ocrx_word' id='word_1_194' title='bbox 305 1238 517 1274; x_wconf 86' lang='lat' dir='ltr'><strong>accuratius</strong></span> <span class='ocrx_word' id='word_1_195' title='bbox 549 1238 776 1289; x_wconf 80' lang='lat' dir='ltr'><strong>explicando</strong></span> <span class='ocrx_word' id='word_1_196' title='bbox 808 1240 981 1277; x_wconf 88' lang='lat' dir='ltr'><strong>inservit.</strong></span> <span class='ocrx_word' id='word_1_197' title='bbox 1033 1238 1130 1277; x_wconf 91' lang='lat' dir='ltr'><strong>Jam</strong></span> <span class='ocrx_word' id='word_1_198' title='bbox 1161 1238 1255 1290; x_wconf 87' lang='lat' dir='ltr'><strong>quid</strong></span> <span class='ocrx_word' id='word_1_199' title='bbox 1279 1239 1350 1279; x_wconf 83' lang='lat' dir='ltr'><strong>sibi</strong></span> <span class='ocrx_word' id='word_1_200' title='bbox 1388 1240 1484 1278; x_wconf 88' lang='lat' dir='ltr'><strong>velit</strong></span> <span class='ocrx_word' id='word_1_201' title='bbox 1516 1239 1632 1280; x_wconf 87' lang='lat' dir='ltr'><strong>illud:</strong></span> <span class='ocrx_word' id='word_1_202' title='bbox 1669 1236 1840 1283; x_wconf 64' lang='grc' dir='ltr'><em>«οὔπω</em></span> <span class='ocrx_word' id='word_1_203' title='bbox 1874 1237 2008 1277; x_wconf 83' lang='grc' dir='ltr'><em>πάνυ</em></span> <span class='ocrx_word' id='word_1_204' title='bbox 2043 1245 2229 1295; x_wconf 75' lang='lat' dir='ltr'><strong>aliquanto</strong></span> <span class='ocrx_word' id='word_1_205' title='bbox 2262 1244 2349 1293; x_wconf 81' lang='lat' dir='ltr'><strong>plus</strong></span> 
     </span>
     <span class='ocr_line' id='line_1_17' title="bbox 306 1298 2348 1356; baseline 0 -17"><span class='ocrx_word' id='word_1_206' title='bbox 306 1300 411 1339; x_wconf 87' lang='lat' dir='ltr'><strong>valet</strong></span> <span class='ocrx_word' id='word_1_207' title='bbox 436 1314 555 1352; x_wconf 87' lang='lat' dir='ltr'><strong>quam</strong></span> <span class='ocrx_word' id='word_1_208' title='bbox 581 1308 695 1343; x_wconf 83' lang='lat' dir='ltr'><strong>solum</strong></span> <span class='ocrx_word' id='word_1_209' title='bbox 722 1298 893 1341; x_wconf 64' lang='grc' dir='ltr'><em>οὔπω»</em></span> <span class='ocrx_word' id='word_1_210' title='bbox 919 1304 1081 1355; x_wconf 84' lang='lat' dir='ltr'><strong>intelligi</strong></span> <span class='ocrx_word' id='word_1_211' title='bbox 1107 1316 1235 1355; x_wconf 86' lang='lat' dir='ltr'><strong>posse,</strong></span> <span class='ocrx_word' id='word_1_212' title='bbox 1269 1306 1336 1345; x_wconf 82' lang='lat' dir='ltr'><strong>vix</strong></span> <span class='ocrx_word' id='word_1_213' title='bbox 1362 1307 1635 1356; x_wconf 79' lang='lat' dir='ltr'><strong>concesserim,</strong></span> <span class='ocrx_word' id='word_1_214' title='bbox 1659 1317 1748 1342; x_wconf 91' lang='lat' dir='ltr'><strong>cum</strong></span> <span class='ocrx_word' id='word_1_215' title='bbox 1775 1304 1874 1341; x_wconf 89' lang='lat' dir='ltr'><strong>nihil</strong></span> <span class='ocrx_word' id='word_1_216' title='bbox 1902 1306 2066 1341; x_wconf 87' lang='lat' dir='ltr'><strong>omnino</strong></span> <span class='ocrx_word' id='word_1_217' title='bbox 2093 1311 2255 1342; x_wconf 88' lang='lat' dir='ltr'><strong>mutuae</strong></span> <span class='ocrx_word' id='word_1_218' title='bbox 2281 1316 2348 1340; x_wconf 88' lang='lat' dir='ltr'><strong>ra-</strong></span> 
     </span>
     <span class='ocr_line' id='line_1_18' title="bbox 306 1366 2348 1421; baseline 0 -17"><span class='ocrx_word' id='word_1_219' title='bbox 306 1367 421 1404; x_wconf 87' lang='lat' dir='ltr'><strong>ti0nis</strong></span> <span class='ocrx_word' id='word_1_220' title='bbox 445 1368 547 1404; x_wconf 91' lang='lat' dir='ltr'><strong>inter</strong></span> <span class='ocrx_word' id='word_1_221' title='bbox 573 1366 691 1404; x_wconf 90' lang='lat' dir='ltr'><strong>ambo</strong></span> <span class='ocrx_word' id='word_1_222' title='bbox 717 1369 785 1405; x_wconf 88' lang='lat' dir='ltr'><strong>ista</strong></span> <span class='ocrx_word' id='word_1_223' title='bbox 810 1368 998 1406; x_wconf 88' lang='lat' dir='ltr'><strong>vocabula</strong></span> <span class='ocrx_word' id='word_1_224' title='bbox 1030 1369 1261 1420; x_wconf 82' lang='lat' dir='ltr'><strong>intercedat,</strong></span> <span class='ocrx_word' id='word_1_225' title='bbox 1299 1382 1467 1421; x_wconf 89' lang='lat' dir='ltr'><strong>quorum</strong></span> <span class='ocrx_word' id='word_1_226' title='bbox 1498 1369 1668 1407; x_wconf 88' lang='lat' dir='ltr'><strong>alterum</strong></span> <span class='ocrx_word' id='word_1_227' title='bbox 1702 1369 1857 1406; x_wconf 87' lang='lat' dir='ltr'><strong>alterius</strong></span> <span class='ocrx_word' id='word_1_228' title='bbox 1883 1371 1968 1407; x_wconf 91' lang='lat' dir='ltr'><strong>vim</strong></span> <span class='ocrx_word' id='word_1_229' title='bbox 2003 1368 2204 1407; x_wconf 89' lang='lat' dir='ltr'><strong>intendere</strong></span> <span class='ocrx_word' id='word_1_230' title='bbox 2230 1376 2348 1419; x_wconf 89' lang='lat' dir='ltr'><strong>atque</strong></span> 
     </span>
     <span class='ocr_line' id='line_1_19' title="bbox 307 1428 2348 1486; baseline -0.001 -16"><span class='ocrx_word' id='word_1_231' title='bbox 307 1445 447 1484; x_wconf 88' lang='lat' dir='ltr'><strong>augere</strong></span> <span class='ocrx_word' id='word_1_232' title='bbox 477 1431 708 1471; x_wconf 84' lang='lat' dir='ltr'><strong>Schaeserus</strong></span> <span class='ocrx_word' id='word_1_233' title='bbox 734 1433 967 1471; x_wconf 89' lang='lat' dir='ltr'><strong>contendere</strong></span> <span class='ocrx_word' id='word_1_234' title='bbox 994 1434 1160 1473; x_wconf 70' lang='lat' dir='ltr'><strong>videtur.</strong></span> <span class='ocrx_word' id='word_1_235' title='bbox 1215 1433 1337 1486; x_wconf 85' lang='lat' dir='ltr'><strong>Quod</strong></span> <span class='ocrx_word' id='word_1_236' title='bbox 1361 1435 1393 1472; x_wconf 91' lang='lat' dir='ltr'><strong>si</strong></span> <span class='ocrx_word' id='word_1_237' title='bbox 1418 1445 1513 1473; x_wconf 87' lang='lat' dir='ltr'><strong>vero</strong></span> <span class='ocrx_word' id='word_1_238' title='bbox 1539 1432 1578 1470; x_wconf 86' lang='lat' dir='ltr'><strong>id</strong></span> <span class='ocrx_word' id='word_1_239' title='bbox 1605 1432 1732 1471; x_wconf 90' lang='lat' dir='ltr'><strong>dicere</strong></span> <span class='ocrx_word' id='word_1_240' title='bbox 1764 1432 1891 1471; x_wconf 88' lang='lat' dir='ltr'><strong>voluit</strong></span> <span class='ocrx_word' id='word_1_241' title='bbox 1918 1428 2058 1472; x_wconf 85' lang='grc' dir='ltr'><em>οὔπω</em></span> <span class='ocrx_word' id='word_1_242' title='bbox 2087 1430 2348 1485; x_wconf 79' lang='grc' dir='ltr'><em>μειράκιον</em></span> 
     </span>
     <span class='ocr_line' id='line_1_20' title="bbox 307 1493 2353 1553; baseline 0.004 -19"><span class='ocrx_word' id='word_1_243' title='bbox 307 1510 399 1534; x_wconf 89' lang='lat' dir='ltr'><strong>eum</strong></span> <span class='ocrx_word' id='word_1_244' title='bbox 426 1509 523 1548; x_wconf 87' lang='lat' dir='ltr'><strong>esse,</strong></span> <span class='ocrx_word' id='word_1_245' title='bbox 556 1503 621 1553; x_wconf 74' lang='lat' dir='ltr'><strong>qui</strong></span> <span class='ocrx_word' id='word_1_246' title='bbox 644 1505 772 1538; x_wconf 58' lang='lat' dir='ltr'><strong>aetates</strong></span> <span class='ocrx_word' id='word_1_247' title='bbox 787 1503 963 1549; x_wconf 80' lang='lat' dir='ltr'><strong>juvenilis</strong></span> <span class='ocrx_word' id='word_1_248' title='bbox 984 1502 1077 1550; x_wconf 78' lang='lat' dir='ltr'><strong>fines</strong></span> <span class='ocrx_word' id='word_1_249' title='bbox 1102 1504 1265 1539; x_wconf 80' lang='lat' dir='ltr'><strong>nondum</strong></span> <span class='ocrx_word' id='word_1_250' title='bbox 1291 1505 1472 1551; x_wconf 68' lang='grc' dir='ltr'><strong>αίίζᾳθνίἰ,</strong></span> <span class='ocrx_word' id='word_1_251' title='bbox 1505 1493 1604 1536; x_wconf 74' lang='grc' dir='ltr'><strong>υῦῖϊ</strong></span> <span class='ocrx_word' id='word_1_252' title='bbox 1614 1512 1648 1535; x_wconf 89' lang='grc' dir='ltr'><em>ω</em></span> <span class='ocrx_word' id='word_1_253' title='bbox 1675 1495 1809 1535; x_wconf 73' lang='grc' dir='ltr'><strong>πάνυ</strong></span> <span class='ocrx_word' id='word_1_254' title='bbox 1836 1494 2097 1550; x_wconf 61' lang='grc' dir='ltr'><strong>μειράκίον</strong></span> <span class='ocrx_word' id='word_1_255' title='bbox 2126 1511 2242 1542; x_wconf 70' lang='lat' dir='ltr'><strong>eum,</strong></span> <span class='ocrx_word' id='word_1_256' title='bbox 2286 1499 2353 1547; x_wconf 75' lang='lat' dir='ltr'><strong>qui</strong></span> 
     </span>
     <span class='ocr_line' id='line_1_21' title="bbox 298 1561 2355 1617; baseline -0.001 -15"><span class='ocrx_word' id='word_1_257' title='bbox 298 1567 446 1613; x_wconf 76' lang='lat' dir='ltr'><strong>juvenis</strong></span> <span class='ocrx_word' id='word_1_258' title='bbox 470 1567 614 1613; x_wconf 79' lang='lat' dir='ltr'><strong>quidem</strong></span> <span class='ocrx_word' id='word_1_259' title='bbox 639 1569 697 1608; x_wconf 79' lang='lat' dir='ltr'><strong>sit,</strong></span> <span class='ocrx_word' id='word_1_260' title='bbox 723 1562 789 1600; x_wconf 86' lang='lat' dir='ltr'><strong>sed</strong></span> <span class='ocrx_word' id='word_1_261' title='bbox 816 1581 891 1602; x_wconf 84' lang='lat' dir='ltr'><strong>non</strong></span> <span class='ocrx_word' id='word_1_262' title='bbox 918 1568 1065 1602; x_wconf 82' lang='lat' dir='ltr'><strong>multum</strong></span> <span class='ocrx_word' id='word_1_263' title='bbox 1091 1569 1130 1602; x_wconf 81' lang='lat' dir='ltr'><strong>in</strong></span> <span class='ocrx_word' id='word_1_264' title='bbox 1155 1580 1200 1603; x_wconf 83' lang='lat' dir='ltr'><strong>ea</strong></span> <span class='ocrx_word' id='word_1_265' title='bbox 1226 1574 1342 1604; x_wconf 76' lang='lat' dir='ltr'><strong>aetate</strong></span> <span class='ocrx_word' id='word_1_266' title='bbox 1363 1569 1592 1617; x_wconf 61' lang='lat' dir='ltr'><strong>processerit,</strong></span> <span class='ocrx_word' id='word_1_267' title='bbox 1619 1569 1682 1605; x_wconf 83' lang='lat' dir='ltr'><strong>vix</strong></span> <span class='ocrx_word' id='word_1_268' title='bbox 1706 1580 1787 1603; x_wconf 84' lang='lat' dir='ltr'><strong>eam</strong></span> <span class='ocrx_word' id='word_1_269' title='bbox 1813 1569 1861 1602; x_wconf 78' lang='lat' dir='ltr'><strong>sit</strong></span> <span class='ocrx_word' id='word_1_270' title='bbox 1885 1569 2082 1615; x_wconf 72' lang='lat' dir='ltr'><strong>inqressus,</strong></span> <span class='ocrx_word' id='word_1_271' title='bbox 2108 1561 2213 1601; x_wconf 87' lang='lat' dir='ltr'><strong>hunc</strong></span> <span class='ocrx_word' id='word_1_272' title='bbox 2237 1563 2355 1614; x_wconf 83' lang='lat' dir='ltr'><strong>igitur</strong></span> 
     </span>
     <span class='ocr_line' id='line_1_22' title="bbox 308 1626 2354 1680; baseline 0 -16"><span class='ocrx_word' id='word_1_273' title='bbox 308 1633 432 1664; x_wconf 88' lang='lat' dir='ltr'><strong>aetate</strong></span> <span class='ocrx_word' id='word_1_274' title='bbox 459 1638 706 1678; x_wconf 88' lang='lat' dir='ltr'><strong>praecurrere</strong></span> <span class='ocrx_word' id='word_1_275' title='bbox 732 1626 871 1678; x_wconf 88' lang='lat' dir='ltr'><strong>illum,</strong></span> <span class='ocrx_word' id='word_1_276' title='bbox 908 1634 1002 1665; x_wconf 89' lang='lat' dir='ltr'><strong>natu</strong></span> <span class='ocrx_word' id='word_1_277' title='bbox 1029 1628 1219 1679; x_wconf 88' lang='lat' dir='ltr'><strong>majorem</strong></span> <span class='ocrx_word' id='word_1_278' title='bbox 1254 1640 1331 1666; x_wconf 88' lang='lat' dir='ltr'><strong>esse</strong></span> <span class='ocrx_word' id='word_1_279' title='bbox 1364 1628 1432 1666; x_wconf 92' lang='lat' dir='ltr'><strong>illo</strong></span> <span class='ocrx_word' id='word_1_280' title='bbox 1458 1648 1505 1654; x_wconf 89' lang='lat'>—</span> <span class='ocrx_word' id='word_1_281' title='bbox 1534 1635 1620 1665; x_wconf 89' lang='lat' dir='ltr'><strong>tum</strong></span> <span class='ocrx_word' id='word_1_282' title='bbox 1645 1626 1814 1680; x_wconf 87' lang='lat' dir='ltr'><strong>amplius</strong></span> <span class='ocrx_word' id='word_1_283' title='bbox 1838 1639 1920 1664; x_wconf 91' lang='lat' dir='ltr'><strong>non</strong></span> <span class='ocrx_word' id='word_1_284' title='bbox 1946 1639 2122 1677; x_wconf 90' lang='lat' dir='ltr'><strong>pugnans</strong></span> <span class='ocrx_word' id='word_1_285' title='bbox 2156 1628 2197 1663; x_wconf 89' lang='lat' dir='ltr'><strong>in</strong></span> <span class='ocrx_word' id='word_1_286' title='bbox 2225 1635 2354 1676; x_wconf 89' lang='lat' dir='ltr'><strong>partes</strong></span> 
     </span>
     <span class='ocr_line' id='line_1_23' title="bbox 308 1689 2352 1743; baseline -0 -14"><span class='ocrx_word' id='word_1_287' title='bbox 308 1693 389 1742; x_wconf 88' lang='lat' dir='ltr'><strong>ejus</strong></span> <span class='ocrx_word' id='word_1_288' title='bbox 428 1691 609 1728; x_wconf 88' lang='lat' dir='ltr'><strong>concedo.</strong></span> <span class='ocrx_word' id='word_1_289' title='bbox 690 1689 824 1729; x_wconf 81' lang='grc' dir='ltr'><em>Πάνυ</em></span> <span class='ocrx_word' id='word_1_290' title='bbox 865 1690 1128 1743; x_wconf 78' lang='grc' dir='ltr'><em>μειράκιον</em></span> <span class='ocrx_word' id='word_1_291' title='bbox 1166 1695 1283 1743; x_wconf 89' lang='lat' dir='ltr'><strong>igitur</strong></span> <span class='ocrx_word' id='word_1_292' title='bbox 1318 1692 1424 1733; x_wconf 88' lang='lat' dir='ltr'><strong>idem</strong></span> <span class='ocrx_word' id='word_1_293' title='bbox 1469 1691 1697 1742; x_wconf 88' lang='lat' dir='ltr'><strong>significabit</strong></span> <span class='ocrx_word' id='word_1_294' title='bbox 1739 1705 1809 1741; x_wconf 90' lang='lat' dir='ltr'><strong>per</strong></span> <span class='ocrx_word' id='word_1_295' title='bbox 1849 1696 2036 1741; x_wconf 80' lang='grc' dir='ltr'><em>μείωσιν,</em></span> <span class='ocrx_word' id='word_1_296' title='bbox 2076 1690 2181 1740; x_wconf 92' lang='lat' dir='ltr'><strong>quod</strong></span> <span class='ocrx_word' id='word_1_297' title='bbox 2208 1691 2352 1741; x_wconf 87' lang='lat' dir='ltr'><strong>Vellej.</strong></span> 
     </span>
     <span class='ocr_line' id='line_1_24' title="bbox 307 1754 2353 1813; baseline 0.001 -20"><span class='ocrx_word' id='word_1_298' title='bbox 307 1755 458 1794; x_wconf 89' lang='lat' dir='ltr'><strong>Patere.</strong></span> <span class='ocrx_word' id='word_1_299' title='bbox 484 1755 549 1805; x_wconf 84' lang='lat'><strong>11,</strong></span> <span class='ocrx_word' id='word_1_300' title='bbox 587 1758 639 1794; x_wconf 80' lang='lat'><strong>43</strong></span> <span class='ocrx_word' id='word_1_301' title='bbox 666 1755 904 1804; x_wconf 85' lang='lat' dir='ltr'><strong>(dummodo</strong></span> <span class='ocrx_word' id='word_1_302' title='bbox 930 1758 983 1794; x_wconf 88' lang='lat' dir='ltr'><strong>sic</strong></span> <span class='ocrx_word' id='word_1_303' title='bbox 1007 1756 1172 1808; x_wconf 87' lang='lat' dir='ltr'><strong>scripsit)</strong></span> <span class='ocrx_word' id='word_1_304' title='bbox 1202 1759 1403 1809; x_wconf 84' lang='lat' dir='ltr'><strong>expressit:</strong></span> <span class='ocrx_word' id='word_1_305' title='bbox 1438 1774 1558 1813; x_wconf 82' lang='lat' dir='ltr'><strong>paene</strong></span> <span class='ocrx_word' id='word_1_306' title='bbox 1578 1774 1691 1809; x_wconf 81' lang='lat' dir='ltr'><strong>puer,</strong></span> <span class='ocrx_word' id='word_1_307' title='bbox 1722 1754 1815 1794; x_wconf 87' lang='lat' dir='ltr'><strong>ibid.</strong></span> <span class='ocrx_word' id='word_1_308' title='bbox 1841 1768 1874 1794; x_wconf 78' lang='lat' dir='ltr'><strong>c.</strong></span> <span class='ocrx_word' id='word_1_309' title='bbox 1899 1757 1949 1793; x_wconf 88' lang='grc'><strong>41</strong></span> <span class='ocrx_word' id='word_1_310' title='bbox 1978 1760 2174 1795; x_wconf 82' lang='lat' dir='ltr'><strong>admodum</strong></span> <span class='ocrx_word' id='word_1_311' title='bbox 2192 1759 2353 1808; x_wconf 73' lang='lat' dir='ltr'><strong>juvenis.</strong></span> 
     </span>
     <span class='ocr_line' id='line_1_25' title="bbox 308 1819 2353 1873; baseline -0.002 -13"><span class='ocrx_word' id='word_1_312' title='bbox 308 1819 468 1860; x_wconf 82' lang='lat' dir='ltr'><strong>Cornel.</strong></span> <span class='ocrx_word' id='word_1_313' title='bbox 496 1819 596 1873; x_wconf 90' lang='lat' dir='ltr'><strong>Nep.</strong></span> <span class='ocrx_word' id='word_1_314' title='bbox 622 1820 795 1859; x_wconf 85' lang='lat' dir='ltr'><strong>Hamilc.</strong></span> <span class='ocrx_word' id='word_1_315' title='bbox 827 1820 859 1859; x_wconf 84' lang='lat' dir='ltr'><strong>l.</strong></span> <span class='ocrx_word' id='word_1_316' title='bbox 885 1827 1082 1862; x_wconf 78' lang='lat' dir='ltr'><strong>admodum</strong></span> <span class='ocrx_word' id='word_1_317' title='bbox 1117 1827 1424 1868; x_wconf 70' lang='lat' dir='ltr'><strong>adolescentzdus,</strong></span> <span class='ocrx_word' id='word_1_318' title='bbox 1462 1820 1551 1858; x_wconf 82' lang='lat' dir='ltr'><strong>Liv.</strong></span> <span class='ocrx_word' id='word_1_319' title='bbox 1578 1819 1713 1870; x_wconf 77' lang='lat' dir='ltr'><strong>XXI,</strong></span> <span class='ocrx_word' id='word_1_320' title='bbox 1746 1822 1790 1856; x_wconf 90' lang='lat'><strong>2:</strong></span> <span class='ocrx_word' id='word_1_321' title='bbox 1829 1820 1949 1856; x_wconf 91' lang='lat' dir='ltr'><strong>Hunc</strong></span> <span class='ocrx_word' id='word_1_322' title='bbox 1976 1819 2267 1866; x_wconf 86' lang='lat' dir='ltr'><strong>(Hannibalem</strong></span> <span class='ocrx_word' id='word_1_323' title='bbox 2302 1832 2353 1856; x_wconf 92' lang='lat' dir='ltr'><strong>sc.</strong></span> 
     </span>
     <span class='ocr_line' id='line_1_26' title="bbox 310 1882 2353 1941; baseline -0.002 -16"><span class='ocrx_word' id='word_1_324' title='bbox 310 1888 448 1938; x_wconf 85' lang='lat' dir='ltr'><strong>viginti</strong></span> <span class='ocrx_word' id='word_1_325' title='bbox 474 1886 570 1924; x_wconf 86' lang='lat' dir='ltr'><strong>duos</strong></span> <span class='ocrx_word' id='word_1_326' title='bbox 597 1886 718 1924; x_wconf 89' lang='lat' dir='ltr'><strong>ferme</strong></span> <span class='ocrx_word' id='word_1_327' title='bbox 744 1894 881 1924; x_wconf 84' lang='lat' dir='ltr'><strong>natum</strong></span> <span class='ocrx_word' id='word_1_328' title='bbox 909 1886 1054 1934; x_wconf 86' lang='lat' dir='ltr'><strong>annos)</strong></span> <span class='ocrx_word' id='word_1_329' title='bbox 1081 1894 1231 1927; x_wconf 78' lang='lat' dir='ltr'><strong>vixdum</strong></span> <span class='ocrx_word' id='word_1_330' title='bbox 1256 1893 1427 1941; x_wconf 83' lang='lat' dir='ltr'><strong>puberem</strong></span> <span class='ocrx_word' id='word_1_331' title='bbox 1454 1894 1526 1924; x_wconf 86' lang='lat' dir='ltr'><strong>etc.</strong></span> <span class='ocrx_word' id='word_1_332' title='bbox 1552 1893 1623 1924; x_wconf 86' lang='lat' dir='ltr'><strong>etc.</strong></span> <span class='ocrx_word' id='word_1_333' title='bbox 1674 1884 1779 1923; x_wconf 84' lang='lat' dir='ltr'><strong>Plut.</strong></span> <span class='ocrx_word' id='word_1_334' title='bbox 1807 1886 1888 1935; x_wconf 88' lang='lat' dir='ltr'><strong>ipse</strong></span> <span class='ocrx_word' id='word_1_335' title='bbox 1904 1882 1989 1922; x_wconf 89' lang='lat' dir='ltr'><strong>Cat.</strong></span> <span class='ocrx_word' id='word_1_336' title='bbox 2015 1885 2105 1934; x_wconf 90' lang='lat' dir='ltr'><strong>maj.</strong></span> <span class='ocrx_word' id='word_1_337' title='bbox 2135 1882 2189 1921; x_wconf 90' lang='grc' dir='ltr'><strong>Π.</strong></span> <span class='ocrx_word' id='word_1_338' title='bbox 2215 1895 2353 1935; x_wconf 84' lang='grc' dir='ltr'><em>κομι-</em></span> 
     </span>
     <span class='ocr_line' id='line_1_27' title="bbox 310 1945 2354 2005; baseline 0 -17"><span class='ocrx_word' id='word_1_339' title='bbox 310 1950 372 2005; x_wconf 81' lang='grc' dir='ltr'><strong>δῇ</strong></span> <span class='ocrx_word' id='word_1_340' title='bbox 398 1949 605 2004; x_wconf 76' lang='grc' dir='ltr'><em>μειράκιον</em></span> <span class='ocrx_word' id='word_1_341' title='bbox 632 1947 702 1990; x_wconf 73' lang='grc' dir='ltr'><strong>ὤν.</strong></span> <span class='ocrx_word' id='word_1_342' title='bbox 756 1951 879 1990; x_wconf 91' lang='lat' dir='ltr'><strong>Marc.</strong></span> <span class='ocrx_word' id='word_1_343' title='bbox 913 1951 1037 1989; x_wconf 85' lang='lat' dir='ltr'><strong>Vlll.</strong></span> <span class='ocrx_word' id='word_1_344' title='bbox 1075 1950 1382 1991; x_wconf 83' lang='grc' dir='ltr'><em>παντάπασι</em></span> <span class='ocrx_word' id='word_1_345' title='bbox 1407 1949 1616 2004; x_wconf 76' lang='grc' dir='ltr'><em>μειράκιον</em></span> <span class='ocrx_word' id='word_1_346' title='bbox 1643 1945 1701 1990; x_wconf 75' lang='grc' dir='ltr'><strong>αἵν</strong></span> <span class='ocrx_word' id='word_1_347' title='bbox 1727 1957 1824 2000; x_wconf 91' lang='lat' dir='ltr'><strong>etc.,</strong></span> <span class='ocrx_word' id='word_1_348' title='bbox 1850 1957 1986 2001; x_wconf 90' lang='lat' dir='ltr'><strong>atque,</strong></span> <span class='ocrx_word' id='word_1_349' title='bbox 2012 1948 2114 2000; x_wconf 92' lang='lat' dir='ltr'><strong>quod</strong></span> <span class='ocrx_word' id='word_1_350' title='bbox 2141 1948 2190 1986; x_wconf 92' lang='lat' dir='ltr'><strong>ad</strong></span> <span class='ocrx_word' id='word_1_351' title='bbox 2218 1961 2354 2001; x_wconf 88' lang='lat' dir='ltr'><strong>gram-</strong></span> 
     </span>
     <span class='ocr_line' id='line_1_28' title="bbox 310 2014 2354 2068; baseline -0.001 -16"><span class='ocrx_word' id='word_1_352' title='bbox 310 2017 477 2053; x_wconf 88' lang='lat' dir='ltr'><strong>maticen</strong></span> <span class='ocrx_word' id='word_1_353' title='bbox 509 2015 727 2053; x_wconf 86' lang='lat' dir='ltr'><strong>notandum</strong></span> <span class='ocrx_word' id='word_1_354' title='bbox 754 2019 847 2065; x_wconf 87' lang='lat' dir='ltr'><strong>erit,</strong></span> <span class='ocrx_word' id='word_1_355' title='bbox 888 2014 1094 2068; x_wconf 76' lang='grc' dir='ltr'><em>μειράκιον</em></span> <span class='ocrx_word' id='word_1_356' title='bbox 1128 2029 1215 2068; x_wconf 83' lang='lat' dir='ltr'><strong>voc.</strong></span> <span class='ocrx_word' id='word_1_357' title='bbox 1248 2018 1292 2053; x_wconf 92' lang='lat' dir='ltr'><strong>iis</strong></span> <span class='ocrx_word' id='word_1_358' title='bbox 1318 2015 1606 2054; x_wconf 87' lang='lat' dir='ltr'><strong>adcensendum</strong></span> <span class='ocrx_word' id='word_1_359' title='bbox 1633 2028 1711 2052; x_wconf 87' lang='lat' dir='ltr'><strong>esse</strong></span> <span class='ocrx_word' id='word_1_360' title='bbox 1735 2015 1998 2063; x_wconf 84' lang='lat' dir='ltr'><strong>substantivis,</strong></span> <span class='ocrx_word' id='word_1_361' title='bbox 2035 2026 2132 2063; x_wconf 90' lang='lat' dir='ltr'><strong>quae</strong></span> <span class='ocrx_word' id='word_1_362' title='bbox 2158 2027 2250 2051; x_wconf 88' lang='lat' dir='ltr'><strong>cum</strong></span> <span class='ocrx_word' id='word_1_363' title='bbox 2276 2026 2354 2051; x_wconf 85' lang='lat' dir='ltr'><strong>no·-</strong></span> 
     </span>
     <span class='ocr_line' id='line_1_29' title="bbox 311 2076 2354 2132; baseline -0.001 -13"><span class='ocrx_word' id='word_1_364' title='bbox 311 2082 458 2119; x_wconf 85' lang='lat' dir='ltr'><strong>tionem</strong></span> <span class='ocrx_word' id='word_1_365' title='bbox 485 2079 652 2118; x_wconf 89' lang='lat' dir='ltr'><strong>habeant</strong></span> <span class='ocrx_word' id='word_1_366' title='bbox 678 2093 785 2118; x_wconf 89' lang='lat' dir='ltr'><strong>mere</strong></span> <span class='ocrx_word' id='word_1_367' title='bbox 813 2080 1094 2132; x_wconf 81' lang='lat' dir='ltr'><strong>attributivam,</strong></span> <span class='ocrx_word' id='word_1_368' title='bbox 1120 2080 1188 2128; x_wconf 83' lang='lat' dir='ltr'><strong>(cf.</strong></span> <span class='ocrx_word' id='word_1_369' title='bbox 1218 2080 1370 2119; x_wconf 90' lang='lat' dir='ltr'><strong>Buttm.</strong></span> <span class='ocrx_word' id='word_1_370' title='bbox 1397 2093 1565 2131; x_wconf 89' lang='lat' dir='ltr'><strong>gramm.</strong></span> <span class='ocrx_word' id='word_1_371' title='bbox 1583 2080 1675 2132; x_wconf 90' lang='lat' dir='ltr'><strong>maj.</strong></span> <span class='ocrx_word' id='word_1_372' title='bbox 1691 2079 1726 2131; x_wconf 88' lang='grc' dir='ltr'><strong>Ι,</strong></span> <span class='ocrx_word' id='word_1_373' title='bbox 1751 2092 1789 2131; x_wconf 89' lang='lat' dir='ltr'><strong>p.</strong></span> <span class='ocrx_word' id='word_1_374' title='bbox 1806 2081 1893 2117; x_wconf 90' lang='lat'><strong>238.</strong></span> <span class='ocrx_word' id='word_1_375' title='bbox 1932 2078 2099 2116; x_wconf 82' lang='lat' dir='ltr'><strong>Kiihner</strong></span> <span class='ocrx_word' id='word_1_376' title='bbox 2124 2076 2155 2127; x_wconf 74' lang='lat' dir='ltr'><strong>S.</strong></span> <span class='ocrx_word' id='word_1_377' title='bbox 2177 2081 2269 2130; x_wconf 79' lang='lat'><strong>447,</strong></span> <span class='ocrx_word' id='word_1_378' title='bbox 2296 2077 2354 2125; x_wconf 92' lang='lat'><strong>1.)</strong></span> 
     </span>
     <span class='ocr_line' id='line_1_30' title="bbox 312 2143 2356 2195; baseline -0 -14"><span class='ocrx_word' id='word_1_379' title='bbox 312 2143 417 2181; x_wconf 92' lang='lat' dir='ltr'><strong>haud</strong></span> <span class='ocrx_word' id='word_1_380' title='bbox 443 2156 530 2182; x_wconf 91' lang='lat' dir='ltr'><strong>raro</strong></span> <span class='ocrx_word' id='word_1_381' title='bbox 556 2157 647 2181; x_wconf 88' lang='lat' dir='ltr'><strong>cum</strong></span> <span class='ocrx_word' id='word_1_382' title='bbox 674 2143 864 2181; x_wconf 87' lang='lat' dir='ltr'><strong>adverbiis</strong></span> <span class='ocrx_word' id='word_1_383' title='bbox 889 2146 1189 2195; x_wconf 88' lang='lat' dir='ltr'><strong>conjunguntur.</strong></span> <span class='ocrx_word' id='word_1_384' title='bbox 1242 2144 1372 2181; x_wconf 88' lang='lat' dir='ltr'><strong>Adeas</strong></span> <span class='ocrx_word' id='word_1_385' title='bbox 1400 2144 1634 2195; x_wconf 87' lang='lat' dir='ltr'><strong>Bernhardy</strong></span> <span class='ocrx_word' id='word_1_386' title='bbox 1661 2157 1829 2194; x_wconf 91' lang='lat' dir='ltr'><strong>quoque,</strong></span> <span class='ocrx_word' id='word_1_387' title='bbox 1856 2144 2107 2189; x_wconf 66' lang='lat' dir='ltr'><strong>tviffcnfdmftl.</strong></span> <span class='ocrx_word' id='word_1_388' title='bbox 2137 2143 2290 2189; x_wconf 57' lang='lat' dir='ltr'><strong>&lt;3911th</strong></span> <span class='ocrx_word' id='word_1_389' title='bbox 2315 2156 2356 2193; x_wconf 90' lang='lat' dir='ltr'><strong>p.</strong></span> 
     </span>
     <span class='ocr_line' id='line_1_31' title="bbox 312 2206 2356 2260; baseline -0.001 -13"><span class='ocrx_word' id='word_1_390' title='bbox 312 2210 400 2260; x_wconf 81' lang='lat'><strong>838,</strong></span> <span class='ocrx_word' id='word_1_391' title='bbox 426 2211 492 2260; x_wconf 86' lang='lat' dir='ltr'><strong>qui</strong></span> <span class='ocrx_word' id='word_1_392' title='bbox 517 2209 686 2259; x_wconf 90' lang='lat' dir='ltr'><strong>nollem,</strong></span> <span class='ocrx_word' id='word_1_393' title='bbox 710 2217 754 2247; x_wconf 93' lang='lat' dir='ltr'><strong>ut</strong></span> <span class='ocrx_word' id='word_1_394' title='bbox 788 2208 855 2247; x_wconf 89' lang='lat' dir='ltr'><strong>has</strong></span> <span class='ocrx_word' id='word_1_395' title='bbox 881 2208 1158 2249; x_wconf 85' lang='lat' dir='ltr'><strong>adverbiorum</strong></span> <span class='ocrx_word' id='word_1_396' title='bbox 1190 2223 1281 2248; x_wconf 92' lang='lat' dir='ltr'><strong>cum</strong></span> <span class='ocrx_word' id='word_1_397' title='bbox 1306 2208 1553 2248; x_wconf 84' lang='lat' dir='ltr'><strong>substantivis</strong></span> <span class='ocrx_word' id='word_1_398' title='bbox 1584 2211 1882 2260; x_wconf 88' lang='lat' dir='ltr'><strong>compositiones</strong></span> <span class='ocrx_word' id='word_1_399' title='bbox 1908 2207 2135 2260; x_wconf 78' lang='lat' dir='ltr'><strong>explicaret,</strong></span> <span class='ocrx_word' id='word_1_400' title='bbox 2171 2214 2272 2258; x_wconf 89' lang='lat' dir='ltr'><strong>part.</strong></span> <span class='ocrx_word' id='word_1_401' title='bbox 2299 2206 2356 2246; x_wconf 78' lang='grc' dir='ltr'><strong>ὠν</strong></span> 
     </span>
     <span class='ocr_line' id='line_1_32' title="bbox 313 2271 2358 2326; baseline -0.001 -14"><span class='ocrx_word' id='word_1_402' title='bbox 313 2281 446 2313; x_wconf 90' lang='lat' dir='ltr'><strong>mente</strong></span> <span class='ocrx_word' id='word_1_403' title='bbox 469 2273 732 2326; x_wconf 89' lang='lat' dir='ltr'><strong>supplendum</strong></span> <span class='ocrx_word' id='word_1_404' title='bbox 759 2287 837 2313; x_wconf 87' lang='lat' dir='ltr'><strong>esse</strong></span> <span class='ocrx_word' id='word_1_405' title='bbox 865 2273 1027 2312; x_wconf 83' lang='lat' dir='ltr'><strong>dixisset.</strong></span> <span class='ocrx_word' id='word_1_406' title='bbox 1083 2273 1195 2312; x_wconf 90' lang='lat' dir='ltr'><strong>ldem</strong></span> <span class='ocrx_word' id='word_1_407' title='bbox 1222 2274 1446 2326; x_wconf 84' lang='lat' dir='ltr'><strong>exemplum</strong></span> <span class='ocrx_word' id='word_1_408' title='bbox 1474 2287 1520 2311; x_wconf 88' lang='lat' dir='ltr'><strong>ex</strong></span> <span class='ocrx_word' id='word_1_409' title='bbox 1546 2272 1646 2311; x_wconf 86' lang='lat' dir='ltr'><strong>Plat.</strong></span> <span class='ocrx_word' id='word_1_410' title='bbox 1674 2271 1854 2325; x_wconf 84' lang='lat' dir='ltr'><strong>Sympos.</strong></span> <span class='ocrx_word' id='word_1_411' title='bbox 1880 2286 1919 2324; x_wconf 86' lang='lat' dir='ltr'><strong>p.</strong></span> <span class='ocrx_word' id='word_1_412' title='bbox 1947 2274 2036 2322; x_wconf 86' lang='lat'><strong>212,</strong></span> <span class='ocrx_word' id='word_1_413' title='bbox 2061 2271 2110 2309; x_wconf 83' lang='lat' dir='ltr'><strong>E.</strong></span> <span class='ocrx_word' id='word_1_414' title='bbox 2137 2271 2358 2323; x_wconf 90' lang='lat' dir='ltr'><strong>depromp-</strong></span> 
     </span>
     <span class='ocr_line' id='line_1_33' title="bbox 312 2335 2357 2391; baseline -0.001 -13"><span class='ocrx_word' id='word_1_415' title='bbox 312 2348 398 2378; x_wconf 88' lang='lat' dir='ltr'><strong>tum</strong></span> <span class='ocrx_word' id='word_1_416' title='bbox 425 2347 526 2377; x_wconf 89' lang='lat' dir='ltr'><strong>certe</strong></span> <span class='ocrx_word' id='word_1_417' title='bbox 552 2338 628 2377; x_wconf 92' lang='lat' dir='ltr'><strong>huc</strong></span> <span class='ocrx_word' id='word_1_418' title='bbox 654 2339 796 2377; x_wconf 81' lang='lat' dir='ltr'><strong>referre</strong></span> <span class='ocrx_word' id='word_1_419' title='bbox 821 2352 901 2377; x_wconf 88' lang='lat' dir='ltr'><strong>non</strong></span> <span class='ocrx_word' id='word_1_420' title='bbox 927 2339 1108 2388; x_wconf 83' lang='lat' dir='ltr'><strong>debebat3</strong></span> <span class='ocrx_word' id='word_1_421' title='bbox 1143 2353 1238 2378; x_wconf 88' lang='lat' dir='ltr'><strong>nam</strong></span> <span class='ocrx_word' id='word_1_422' title='bbox 1264 2353 1363 2391; x_wconf 91' lang='lat' dir='ltr'><strong>quae</strong></span> <span class='ocrx_word' id='word_1_423' title='bbox 1388 2339 1441 2377; x_wconf 91' lang='lat' dir='ltr'><strong>ibi</strong></span> <span class='ocrx_word' id='word_1_424' title='bbox 1467 2339 1649 2389; x_wconf 86' lang='lat' dir='ltr'><strong>leguntur</strong></span> <span class='ocrx_word' id='word_1_425' title='bbox 1675 2338 1812 2377; x_wconf 89' lang='lat' dir='ltr'><strong>vocab.</strong></span> <span class='ocrx_word' id='word_1_426' title='bbox 1847 2335 1978 2375; x_wconf 82' lang='grc' dir='ltr'><em>πάνυ</em></span> <span class='ocrx_word' id='word_1_427' title='bbox 2007 2335 2234 2390; x_wconf 80' lang='grc' dir='ltr'><strong>σφόδρα,</strong></span> <span class='ocrx_word' id='word_1_428' title='bbox 2275 2350 2357 2376; x_wconf 89' lang='lat' dir='ltr'><strong>non</strong></span> 
     </span>
     <span class='ocr_line' id='line_1_34' title="bbox 315 2401 2359 2457; baseline -0.001 -15"><span class='ocrx_word' id='word_1_429' title='bbox 315 2404 365 2442; x_wconf 89' lang='lat' dir='ltr'><strong>ad</strong></span> <span class='ocrx_word' id='word_1_430' title='bbox 392 2401 605 2455; x_wconf 72' lang='grc' dir='ltr'><em>συμπότην</em></span> <span class='ocrx_word' id='word_1_431' title='bbox 631 2405 851 2454; x_wconf 90' lang='lat' dir='ltr'><strong>pertinent,</strong></span> <span class='ocrx_word' id='word_1_432' title='bbox 876 2403 942 2441; x_wconf 88' lang='lat' dir='ltr'><strong>sed</strong></span> <span class='ocrx_word' id='word_1_433' title='bbox 969 2404 1017 2441; x_wconf 90' lang='lat' dir='ltr'><strong>ad</strong></span> <span class='ocrx_word' id='word_1_434' title='bbox 1043 2401 1257 2457; x_wconf 77' lang='grc' dir='ltr'><em>μεθύοντα</em></span> <span class='ocrx_word' id='word_1_435' title='bbox 1283 2402 1467 2442; x_wconf 86' lang='lat' dir='ltr'><strong>trahenda</strong></span> <span class='ocrx_word' id='word_1_436' title='bbox 1494 2402 1696 2453; x_wconf 89' lang='lat' dir='ltr'><strong>videntur,</strong></span> <span class='ocrx_word' id='word_1_437' title='bbox 1725 2402 1851 2440; x_wconf 89' lang='lat' dir='ltr'><strong>collat.</strong></span> <span class='ocrx_word' id='word_1_438' title='bbox 1881 2414 1981 2451; x_wconf 89' lang='lat' dir='ltr'><strong>quae</strong></span> <span class='ocrx_word' id='word_1_439' title='bbox 2007 2401 2144 2452; x_wconf 88' lang='lat' dir='ltr'><strong>paullo</strong></span> <span class='ocrx_word' id='word_1_440' title='bbox 2168 2415 2283 2453; x_wconf 88' lang='lat' dir='ltr'><strong>supra</strong></span> <span class='ocrx_word' id='word_1_441' title='bbox 2309 2401 2359 2440; x_wconf 91' lang='lat' dir='ltr'><strong>de</strong></span> 
     </span>
     <span class='ocr_line' id='line_1_35' title="bbox 294 2462 2358 2520; baseline -0.002 -11"><span class='ocrx_word' id='word_1_442' title='bbox 294 2465 452 2509; x_wconf 75' lang='lat' dir='ltr'><strong>&#39;eodem</strong></span> <span class='ocrx_word' id='word_1_443' title='bbox 480 2468 686 2508; x_wconf 87' lang='lat' dir='ltr'><strong>Alcibiade</strong></span> <span class='ocrx_word' id='word_1_444' title='bbox 718 2467 918 2508; x_wconf 86' lang='lat' dir='ltr'><strong>dicuntur:</strong></span> <span class='ocrx_word' id='word_1_445' title='bbox 952 2470 1019 2507; x_wconf 80' lang='grc' dir='ltr'><strong>καὶ</strong></span> <span class='ocrx_word' id='word_1_446' title='bbox 1056 2468 1106 2508; x_wconf 86' lang='grc' dir='ltr'><strong>ού</strong></span> <span class='ocrx_word' id='word_1_447' title='bbox 1136 2466 1244 2507; x_wconf 83' lang='grc' dir='ltr'><em>πολύ</em></span> <span class='ocrx_word' id='word_1_448' title='bbox 1282 2465 1447 2520; x_wconf 80' lang='grc' dir='ltr'><em>ὔστερον</em></span> <span class='ocrx_word' id='word_1_449' title='bbox 1480 2464 1750 2512; x_wconf 74' lang='grc' dir='ltr'><em>Ἀλκιβιάδου</em></span> <span class='ocrx_word' id='word_1_450' title='bbox 1787 2479 1819 2505; x_wconf 86' lang='grc' dir='ltr'><strong>τ.</strong></span> <span class='ocrx_word' id='word_1_451' title='bbox 1856 2462 1998 2519; x_wconf 63' lang='grc' dir='ltr'><em>φωνήν</em></span> <span class='ocrx_word' id='word_1_452' title='bbox 2034 2463 2198 2506; x_wconf 79' lang='grc' dir='ltr'><em>ἀκούειν</em></span> <span class='ocrx_word' id='word_1_453' title='bbox 2231 2465 2271 2507; x_wconf 80' lang='grc' dir='ltr'><strong>ἐν</strong></span> <span class='ocrx_word' id='word_1_454' title='bbox 2306 2467 2358 2519; x_wconf 82' lang='grc' dir='ltr'><strong>τῇ</strong></span> 
     </span>
     <span class='ocr_line' id='line_1_36' title="bbox 313 2530 2360 2587; baseline -0.001 -16"><span class='ocrx_word' id='word_1_455' title='bbox 313 2534 442 2587; x_wconf 86' lang='grc' dir='ltr'><em>αύλῇ,</em></span> <span class='ocrx_word' id='word_1_456' title='bbox 477 2532 679 2586; x_wconf 58' lang='grc' dir='ltr'><em>σφόδρζα</em></span> <span class='ocrx_word' id='word_1_457' title='bbox 706 2531 938 2586; x_wconf 74' lang='grc' dir='ltr'><em>μεθύοντος</em></span> <span class='ocrx_word' id='word_1_458' title='bbox 965 2541 1003 2572; x_wconf 91' lang='lat' dir='ltr'><strong>et</strong></span> <span class='ocrx_word' id='word_1_459' title='bbox 1029 2547 1067 2586; x_wconf 90' lang='lat' dir='ltr'><strong>q.</strong></span> <span class='ocrx_word' id='word_1_460' title='bbox 1093 2547 1121 2573; x_wconf 88' lang='lat' dir='ltr'><strong>s.</strong></span> <span class='ocrx_word' id='word_1_461' title='bbox 1148 2547 1180 2572; x_wconf 92' lang='lat' dir='ltr'><strong>r.</strong></span> <span class='ocrx_word' id='word_1_462' title='bbox 1207 2556 1257 2564; x_wconf 91' lang='lat'><strong>—</strong></span> <span class='ocrx_word' id='word_1_463' title='bbox 1288 2530 1398 2572; x_wconf 81' lang='grc' dir='ltr'><em>πάνυ</em></span> <span class='ocrx_word' id='word_1_464' title='bbox 1425 2539 1559 2570; x_wconf 89' lang='lat' dir='ltr'><strong>autem</strong></span> <span class='ocrx_word' id='word_1_465' title='bbox 1585 2533 1841 2584; x_wconf 86' lang='lat' dir='ltr'><strong>postpositum</strong></span> <span class='ocrx_word' id='word_1_466' title='bbox 1870 2543 2101 2582; x_wconf 81' lang='lat' dir='ltr'><strong>exaggerare</strong></span> <span class='ocrx_word' id='word_1_467' title='bbox 2125 2532 2360 2570; x_wconf 85' lang='lat' dir='ltr'><strong>sententiam</strong></span> 
     </span>
     <span class='ocr_line' id='line_1_37' title="bbox 312 2595 2360 2651; baseline -0.001 -14"><span class='ocrx_word' id='word_1_468' title='bbox 312 2600 484 2650; x_wconf 89' lang='lat' dir='ltr'><strong>plurima</strong></span> <span class='ocrx_word' id='word_1_469' title='bbox 509 2599 649 2638; x_wconf 90' lang='lat' dir='ltr'><strong>docent</strong></span> <span class='ocrx_word' id='word_1_470' title='bbox 674 2598 848 2637; x_wconf 87' lang='lat' dir='ltr'><strong>Platonis</strong></span> <span class='ocrx_word' id='word_1_471' title='bbox 874 2600 1066 2651; x_wconf 86' lang='lat' dir='ltr'><strong>exempla,</strong></span> <span class='ocrx_word' id='word_1_472' title='bbox 1091 2601 1139 2639; x_wconf 91' lang='lat' dir='ltr'><strong>de</strong></span> <span class='ocrx_word' id='word_1_473' title='bbox 1166 2600 1302 2651; x_wconf 88' lang='lat' dir='ltr'><strong>quibus</strong></span> <span class='ocrx_word' id='word_1_474' title='bbox 1329 2597 1441 2636; x_wconf 90' lang='lat' dir='ltr'><strong>adeas</strong></span> <span class='ocrx_word' id='word_1_475' title='bbox 1466 2596 1600 2636; x_wconf 88' lang='lat' dir='ltr'><strong>Stallb.</strong></span> <span class='ocrx_word' id='word_1_476' title='bbox 1629 2596 1677 2634; x_wconf 90' lang='lat' dir='ltr'><strong>ad</strong></span> <span class='ocrx_word' id='word_1_477' title='bbox 1695 2595 1854 2634; x_wconf 90' lang='lat' dir='ltr'><strong>Menex.</strong></span> <span class='ocrx_word' id='word_1_478' title='bbox 1875 2609 1914 2647; x_wconf 93' lang='lat' dir='ltr'><strong>p.</strong></span> <span class='ocrx_word' id='word_1_479' title='bbox 1927 2598 2018 2647; x_wconf 83' lang='grc'><strong>235,</strong></span> <span class='ocrx_word' id='word_1_480' title='bbox 2044 2596 2109 2646; x_wconf 85' lang='lat' dir='ltr'><strong>A.,</strong></span> <span class='ocrx_word' id='word_1_481' title='bbox 2133 2596 2181 2633; x_wconf 91' lang='lat' dir='ltr'><strong>ad</strong></span> <span class='ocrx_word' id='word_1_482' title='bbox 2209 2595 2360 2648; x_wconf 84' lang='lat' dir='ltr'><strong>Cratyl.</strong></span> 
     </span>
     <span class='ocr_line' id='line_1_38' title="bbox 314 2656 2361 2716; baseline -0.001 -15"><span class='ocrx_word' id='word_1_483' title='bbox 314 2665 405 2714; x_wconf 72' lang='lat'><strong>418,</strong></span> <span class='ocrx_word' id='word_1_484' title='bbox 433 2664 485 2702; x_wconf 78' lang='lat' dir='ltr'><strong>A.</strong></span> <span class='ocrx_word' id='word_1_485' title='bbox 539 2664 586 2701; x_wconf 86' lang='lat' dir='ltr'><strong>ef.</strong></span> <span class='ocrx_word' id='word_1_486' title='bbox 612 2662 790 2715; x_wconf 84' lang='lat' dir='ltr'><strong>Euthyd.</strong></span> <span class='ocrx_word' id='word_1_487' title='bbox 814 2666 902 2714; x_wconf 85' lang='lat'><strong>287,</strong></span> <span class='ocrx_word' id='word_1_488' title='bbox 927 2664 974 2702; x_wconf 94' lang='grc' dir='ltr'><strong>Β.</strong></span> <span class='ocrx_word' id='word_1_489' title='bbox 1030 2664 1154 2716; x_wconf 79' lang='grc' dir='ltr'><strong>ΗίρΡ.</strong></span> <span class='ocrx_word' id='word_1_490' title='bbox 1179 2665 1270 2715; x_wconf 86' lang='lat' dir='ltr'><strong>maj.</strong></span> <span class='ocrx_word' id='word_1_491' title='bbox 1296 2677 1335 2715; x_wconf 88' lang='lat' dir='ltr'><strong>p.</strong></span> <span class='ocrx_word' id='word_1_492' title='bbox 1362 2663 1453 2712; x_wconf 88' lang='lat'><strong>282,</strong></span> <span class='ocrx_word' id='word_1_493' title='bbox 1478 2660 1528 2699; x_wconf 87' lang='grc' dir='ltr'><strong>Ε.</strong></span> <span class='ocrx_word' id='word_1_494' title='bbox 1580 2659 1691 2699; x_wconf 87' lang='lat' dir='ltr'><strong>Crito</strong></span> <span class='ocrx_word' id='word_1_495' title='bbox 1716 2673 1757 2712; x_wconf 89' lang='lat' dir='ltr'><strong>p.</strong></span> <span class='ocrx_word' id='word_1_496' title='bbox 1785 2662 1851 2699; x_wconf 82' lang='lat'><strong>45.</strong></span> <span class='ocrx_word' id='word_1_497' title='bbox 1894 2660 2051 2699; x_wconf 85' lang='lat' dir='ltr'><strong>Eodem</strong></span> <span class='ocrx_word' id='word_1_498' title='bbox 2078 2660 2198 2698; x_wconf 92' lang='lat' dir='ltr'><strong>modo</strong></span> <span class='ocrx_word' id='word_1_499' title='bbox 2224 2656 2361 2708; x_wconf 77' lang='grc' dir='ltr'><em>οὔτως</em></span> 
     </span>
    </p>
   </div>
  </div>
 </body>
</html>
