2887 3332
2269 244 2359 289 vn

375 369 510 408 δωκαν
536 362 713 414 ἑαυτούς
738 366 806 404 καὶ
835 362 975 412 πόλεις
1000 365 1069 402 καὶ
1095 361 1254 417 νήσους,
1274 355 1330 400 ὦν
1353 358 1673 413 ἐπεκράτουν
1692 360 2020 417 ἐντειχισάμενοι.
2050 359 2274 401 Demetr.1.
2301 361 2420 403 Πλεῖ.

377 443 482 472 στων
509 430 983 485 ὁ’ἑπικρατοῡντες,
1023 425 1199 467 πλεῖστα
1233 423 1697 473 δ’ἀποβάλλοντες.
1753 427 1895 480 Pomp.
1921 426 2048 479 XlX,
2071 427 2126 467 sb.
2160 427 2187 465 f.
2222 425 2421 480 ἐπικρα-

380 499 448 535 τώ
458 500 477 535 ν
505 495 550 537 δὲ
579 501 650 552 τῆς
675 493 907 548 θαλάσσης,
934 506 1104 547 quocum
1132 492 1179 532 cf.
1206 492 1355 532 Herod.
1381 491 1436 537 V,
1461 493 1524 530 36.
1553 490 1718 541 πολλάς
1746 489 1830 544 εἶχε
1857 493 2029 542 ἐλπίδας
2054 490 2421 546 ἐπικρατήσειν

380 567 450 614 τῆς
478 559 714 613 θαλάσσης,
742 568 781 599 et
813 560 852 610 l,
882 561 943 596 17.
985 564 1057 607 τῆς
1090 555 1168 610 γάρ
1213 555 1429 610 θαλάσσης
1462 557 1503 594 οἱ
1539 556 1741 610 Μιλήσιοι
1778 557 2102 611 ἐπεκράτεον.
2133 558 2212 608 IV,
2240 559 2328 595 164.
2355 559 2422 595 καὶ

381 620 729 679 ἐπικρατήσας
763 626 844 663 τῶν
871 621 1130 677 πραγμάτων
1163 628 1235 659 etc.
1281 618 1385 659 Cum
1421 621 1554 662 dativo
1589 630 1877 672 constructum,
1910 635 2009 674 quae
2043 622 2288 662 construendi
2324 623 2424 660 ratio

379 688 558 729 Homero
583 702 665 728 non
690 690 883 741 inusitata,
908 687 1047 741 Odyss.
1066 685 1102 737 l,
1125 687 1225 724 245:
1252 682 1365 725 ὅσσοι
1389 684 1467 738 γάρ
1494 687 1723 743 νήσοισιν
1747 686 2144 740 ἐπικρατέουσιν
2171 683 2343 739 ἄριστοι,
2373 686 2423 725 ll.

381 754 439 805 X,
463 757 561 793 214:
600 751 716 794 ὅσσοι
741 750 821 806 γάρ
847 753 1044 807 νήεσσιν
1070 749 1461 803 ἐπικρατέουσιν
1486 748 1671 805 ἄριστοι,
1698 755 1764 791 vix
1790 753 1893 805 apud
1913 753 2171 791 Plutarchum
2197 754 2423 804 reperietur.

380 843 429 850 —
456 820 539 859 Sed
565 828 610 858 ut
634 819 682 858 ad
707 828 884 858 nostrum
911 824 1155 856 revertamur
1180 816 1331 867 locum,
1366 818 1447 867 jam
1475 825 1598 868 patet,
1636 819 1807 857 absolute
1843 821 2012 871 positum
2038 818 2136 857 illud
2172 816 2424 871 ἑπενριίτήσε

381 898 460 923 non
486 893 589 924 recte
615 885 736 924 verti:
762 897 853 922 cum
881 885 1006 921 victor
1031 889 1145 933 esset,
1172 895 1239 920 seu
1265 882 1381 920 simili
1410 884 1577 932 ratione;
1616 893 1806 936 repugnat
1831 887 1939 923 enim
1966 886 2094 922 aoristi
2122 884 2310 935 temporis
2335 895 2424 921 usus

382 959 421 988 et
444 958 602 1000 natura,
639 949 744 1001 quod
769 955 911 988 statum
939 960 1009 999 per
1034 946 1230 999 quoddam
1257 949 1443 999 temporis
1474 951 1641 999 spatium
1666 958 1888 1000 porrectum
1924 958 2041 1001 atque
2068 948 2274 987 durantem
2300 961 2418 987 num-

383 1030 502 1067 quam
528 1014 734 1068 significan
771 1013 1004 1053 vertendum
1030 1015 1158 1064 potius
1183 1015 1255 1052 erit
1287 1022 1406 1074 atque
1430 1013 1745 1065 intelligendum:
1782 1026 1971 1069 postquam
2003 1017 2120 1053 armis
2154 1013 2315 1051 feliciter
2347 1031 2423 1053 rem

380 1087 500 1135 gessa,
535 1094 648 1130 cum,
680 1084 864 1119 debellatis
889 1078 1068 1117 omnibus
1102 1080 1178 1117 suis
1202 1078 1447 1128 adversari¹s,
1486 1081 1611 1116 vIctor
1646 1085 1817 1118 evasisset
1840 1087 1935 1130 etc.,
1968 1092 2046 1129 quo
2084 1080 2214 1116 aoristi
2248 1089 2344 1127 usu,
2384 1085 2426 1114 ut

381 1145 524 1183 scilicet
549 1144 598 1181 ad
630 1145 823 1182 actionem
851 1145 1058 1194 praeterito
1085 1143 1293 1194 perfectam
1318 1151 1496 1194 tempore
1521 1141 1814 1194 significandam
1841 1140 2086 1194 adhibeatur,
2119 1151 2162 1181 ut
2188 1142 2293 1193 apud
2320 1143 2426 1193 opti-

384 1223 469 1248 mos
498 1222 672 1260 quosque
699 1208 848 1247 obtinet
872 1210 1092 1259 scriptores,
1129 1210 1181 1245 ita
1214 1207 1318 1258 apud
1343 1207 1599 1246 Plutarchum
1626 1208 1682 1246 nil
1716 1209 1972 1259 frequentius;
2008 1208 2054 1245 cf.
2086 1207 2227 1257 modo,
2264 1209 2295 1244 si
2329 1208 2426 1244 tanti

384 1282 460 1325 est,
484 1273 594 1313 Caes.
620 1272 783 1312 xxvl.
836 1272 1005 1326 Ῑίαῖσαρ
1032 1293 1081 1299 -
1116 1267 1222 1324 ἄρας
1260 1269 1407 1324 ἐχώρει
1435 1276 1523 1319 ταῖς
1548 1270 1696 1319 αὐταῖς
1721 1270 1855 1319 ὁδοῖς,
1893 1268 1944 1318 οἷς
1969 1269 2152 1326 διῆλθε
2177 1279 2248 1310 etc.
2277 1271 2426 1310 Aemil.

385 1339 498 1377 Paul.
525 1338 737 1389 xxxw,
761 1341 798 1376 3.
850 1334 987 1384 Αὐτὸς
1021 1335 1064 1377 δὲ
1093 1340 1172 1375 τών
1200 1335 1346 1375 τέκνων
1384 1334 1407 1373 ὁ
1445 1334 1621 1387 Περσεύς
1654 1357 1702 1363 -
1739 1337 1915 1376 κατόπιν
1952 1335 2177 1390 ἐπορεύετο
2210 1345 2248 1374 et
2274 1350 2311 1387 q.
2337 1349 2366 1374 s.
2394 1349 2423 1374 r.

385 1425 435 1431 —
460 1401 614 1442 Καίτοι
651 1400 981 1455 προςὲπεμψε
1013 1403 1073 1451 τῷ
1100 1398 1278 1454 Αἰμιλίῳ
1307 1398 1501 1453 δεόμενος
1538 1397 1592 1453 μή
1629 1402 1928 1454 πομπευθῆναι
1964 1409 2035 1440 etc.
2086 1400 2225 1452 Neque
2252 1414 2348 1440 vero
2375 1399 2424 1439 de

385 1477 608 1519 temporum
635 1468 808 1519 enallage
834 1469 875 1505 in
901 1467 1038 1504 talibus
1065 1474 1120 1503 est
1155 1464 1424 1515 cogitandum,
1460 1464 1527 1501 sed
1552 1464 1592 1501 id
1618 1465 1851 1516 tenendum,
1887 1465 2107 1516 ubicunque
2144 1466 2425 1503 sententiarum

386 1546 517 1581 nexus,
542 1541 700 1584 totaque
725 1535 1021 1570 enunciatorum
1049 1530 1325 1578 conformatio,
1357 1542 1427 1579 per
1451 1542 1491 1566 se
1515 1537 1682 1579 spectata
1715 1532 1802 1567 satis
1828 1532 2029 1580 perspicue
2054 1532 2220 1567 rationes
2256 1529 2426 1567 indicare

386 1596 607 1648 videretur,
645 1609 744 1648 quae
770 1599 870 1634 inter
902 1596 1128 1646 primariam
1155 1592 1437 1632 intercederent
1459 1601 1575 1644 atque
1600 1593 1866 1632 secundariam
1893 1596 2148 1645 seutentiam,
2188 1593 2282 1645 quid
2307 1594 2426 1644 prius,

388 1661 481 1712 quid
506 1662 722 1712 posteriore
754 1660 898 1698 factum
925 1667 1020 1698 esset
1046 1667 1245 1710 tempore,
1280 1659 1397 1695 etiam
1424 1656 1594 1695 Graecos
1620 1658 1905 1709 aliquantulum
1937 1659 2008 1696 sibi
2034 1658 2256 1709 indulsisse,
2293 1670 2423 1709 neque

389 1739 477 1764 raro
503 1728 643 1764 aoristo
657 1754 670 1777 ,
707 1727 903 1764 tritissimo
928 1725 997 1762 illo
1024 1732 1220 1775 tempore,
1256 1736 1334 1761 esse
1358 1735 1462 1772 usos,
1497 1722 1561 1760 ubi
1593 1725 1803 1761 accuratius
1842 1723 2007 1761 locuturi
2044 1723 2422 1775 plusquamperfecto

390 1792 446 1828 uti
472 1789 673 1829 debebant.
716 1788 775 1828 Cf.
800 1789 969 1827 Kiihner
993 1802 1159 1839 gramm.
1183 1801 1240 1839 gr.
1267 1790 1303 1831 §.
1331 1790 1424 1825 444.

489 1882 676 1923 Ceterum
702 1896 784 1922 non
808 1882 963 1923 videtur
988 1881 1330 1934 praetermittenda
1363 1894 1441 1921 esse
1474 1883 1764 1922 constructionis
1791 1884 1985 1922 anomalia
2012 1882 2224 1934 quaedam,
2257 1896 2347 1934 seu,
2382 1883 2423 1921 id

389 1952 420 1988 si
446 1951 592 2000 mavis,
629 1949 831 2001 singularis
856 1949 970 2000 plane
996 1948 1164 2000 singulas
1186 1949 1396 1986 sententiae
1421 1956 1548 1999 partes
1574 1948 1777 1987 ordinandi
1805 1957 1920 2000 atque
1946 1948 2172 2000 disponendi
2197 1950 2321 2001 ratio,
2347 1962 2423 2000 qua

391 2017 432 2053 in
457 2013 646 2052 nectenda
672 2014 744 2052 hac
770 2014 929 2065 periodo
954 2016 1043 2052 usus
1068 2022 1124 2052 est
1150 2013 1389 2051 Plutarchus.
1442 2011 1609 2052 Protasis
1649 2017 1754 2052 enim
1791 2014 1937 2054 duabus
1970 2016 2000 2053 si
2037 2022 2179 2052 constat
2205 2016 2424 2065 sententiis,

391 2091 559 2131 quarum
584 2078 704 2116 altera
730 2096 792 2119 seu
817 2079 1044 2117 universum
1072 2077 1230 2129 alicujus
1254 2079 1311 2116 rei
1337 2085 1493 2129 statum,
1518 2086 1584 2117 aut
1610 2092 1795 2130 personae
1812 2078 2008 2130 cujusdam
2028 2078 2304 2129 conditionem,
2322 2092 2422 2118 con-

392 2144 488 2193 silia,
512 2150 682 2193 conatus,
705 2160 781 2190 seu,
807 2142 846 2180 id
872 2142 977 2193 quod
1001 2145 1043 2180 in
1068 2150 1241 2181 nostrum
1268 2142 1398 2180 locum
1426 2142 1538 2193 cadit,
1562 2144 1707 2181 sactum
1736 2143 1905 2194 aliquod,
1931 2145 2136 2195 praeterito
2154 2150 2330 2194 tempore
2349 2143 2423 2181 ab-

391 2208 561 2247 solutum
588 2216 704 2259 atque
729 2206 779 2245 ad
805 2205 927 2245 finem
955 2206 1184 2257 perductum
1210 2207 1514 2257 indicat,.altera
1538 2208 1732 2260 singulare
1760 2208 1954 2259 quoddam
1981 2209 2137 2257 facinus,
2162 2207 2327 2246 durante
2353 2208 2423 2246 illo

393 2286 524 2311 rerum
550 2280 664 2318 statu,
691 2271 890 2311 obtinente
915 2272 982 2310 illa
1007 2271 1227 2310 conditione
1253 2281 1530 2324 perpetratum,
1554 2280 1621 2311 aut
1645 2272 1735 2324 tale,
1762 2272 1866 2324 quod
1893 2287 1938 2310 ex
1964 2273 2120 2311 consilio
2140 2272 2207 2310 illo
2220 2271 2424 2324 profluxe-

393 2340 444 2375 rit
469 2345 535 2375 aut
560 2338 681 2387 priori
706 2337 774 2374 illo
800 2337 900 2374 facto
927 2339 1034 2388 quasi
1059 2336 1179 2375 fundo
1205 2338 1367 2388 nitatur,
1392 2337 1557 2388 ideoque
1581 2337 1862 2389 subjunctionis
1888 2337 1971 2389 lege
1997 2327 2085 2374 cum
2111 2339 2234 2387 priori
2260 2337 2327 2375 illa
2353 2350 2424 2377 co-

391 2402 629 2454 pulata‘est:
666 2403 854 2440 sententia
881 2402 1124 2453 universalis,
1159 2404 1384 2454 participio,
1422 2415 1492 2454 pro
1532 2402 1682 2441 diversa
1717 2405 1926 2441 sententiae
1950 2403 2101 2439 ratione
2127 2410 2245 2454 atque
2271 2402 2424 2454 indole,

391 2476 458 2507 aut
482 2467 645 2506 relativo
671 2474 739 2505 aut
763 2466 938 2506 absoluto
964 2469 1186 2520 enunciata,
1211 2470 1384 2520 primum
1409 2468 1582 2507 obtinere
1608 2467 1760 2519 locum,
1785 2468 1914 2517 altera,
1939 2466 2187 2519 secundaria,
2213 2468 2424 2519 particulae

392 2534 578 2571 relativae
604 2544 678 2583 ope
702 2533 823 2582 priori
847 2532 1025 2584 subjungi
1049 2532 1156 2571 solet.
1184 2532 1258 2584 lta,
1282 2542 1325 2572 ut
1350 2535 1579 2585 incipiamus
1603 2533 1651 2571 ab
1677 2533 1867 2571 Herodoti
1894 2532 2003 2582 loco,
2025 2545 2139 2584 supra
2157 2534 2239 2584 jam
2265 2532 2423 2572 laudato

395 2596 428 2647 I,
454 2599 539 2636 173.
573 2598 680 2649 prior
709 2598 921 2635 sententiae
946 2596 1154 2649 particula:
1191 2595 1506 2648 Διενειχθέντων
1540 2593 1584 2637 δὲ
1623 2595 1664 2635 ἐν
1691 2595 1834 2649 Κρήτῃ
1872 2587 1965 2649 περὶ
2002 2599 2073 2651 τῆς
2098 2595 2314 2650 βασιλήῖής
2341 2601 2422 2637 τῶν

396 2660 608 2713 Εὐρώπης
639 2660 821 2706 παίδων,
858 2660 1130 2714 Σαρπηδόνος
1163 2675 1204 2700 τε
1243 2663 1309 2700 καὶ
1347 2660 1471 2700 Min-12>
1505 2665 1546 2701 in
1580 2664 1826 2713 universum,
1867 2675 2040 2714 quonam
2073 2664 2174 2700 inter
2210 2675 2251 2701 se
2288 2664 2423 2702 animo

397 2725 541 2765 suerint
567 2726 750 2778 Europae
776 2724 862 2777 filii,
885 2739 955 2765 nos
981 2727 1110 2774 docet3
1140 2728 1243 2778 quod
1268 2727 1525 2778 subjungitur,
1555 2725 1611 2773 ὠς
1633 2724 1884 2778 ἐπεκράτησε
1911 2729 1962 2777 τῇ
1989 2725 2126 2766 στάσει
2156 2723 2316 2774 ΠΙίνως,
2341 2730 2423 2767 sin-
