2885 3332
2153 242 2295 287 XXV

310 361 515 405 XXVIII
541 362 592 402 de
623 361 745 403 libera
776 360 996 415 republica,
1031 371 1155 414 quae,
1188 371 1240 399 ne
1264 358 1443 413 legitimo
1473 365 1576 400 statu
1601 359 1751 414 dejecta
1776 363 1817 401 in
1843 361 1953 415 pejus
1977 360 2125 414 abiret,
2155 361 2358 414 timebam,

307 429 456 469 dictum
481 435 561 467 cst:
593 423 699 468 ὥστε
724 425 823 475 τούς
848 429 944 465 νοῦν
969 422 1143 476 ἔχοντας
1167 425 1365 475 ἀγαπᾷν,
1400 425 1438 464 εἰ
1468 422 1575 477 πρὸς
1600 424 1727 478 μηδὲν
1753 432 1887 478 χεῖρον
1914 424 2028 466 ἀλλὰ
2054 432 2289 480 μοναρχίαν
2313 426 2358 465 ὲκ

306 493 511 547 τοσαύτης
536 489 861 547 παραφροσύνης
885 500 957 532 etc.
982 490 1276 532 ἐκπεσεῖται
1301 487 1354 532 τοὶ
1381 487 1695 545 πράγματα)-
1712 499 1780 530 aut
1793 504 1988 532 cursusuo
2008 491 2160 545 dejecti,
2181 504 2261 545 quo
2274 493 2357 532 mi-

304 561 415 599 nime
440 558 705 611 tetenderant,
730 557 984 611 abripiuntur.
1020 555 1171 596 Herod.
1196 553 1281 607 111,
1306 557 1393 595 138.
1417 553 1694 608 Ἀναχθέντες
1711 576 1763 584 -
1793 556 1833 595 οἱ
1855 554 2010 611 Πέρσαι
2035 557 2356 597 ἐκπίπτουσι

309 625 399 675 τῇσι
415 624 537 677 ’νηυσὶ
564 622 859 676 εἰςἸηπυγίην;
885 623 984 673 (huc
1008 619 1231 660 referendus
1254 632 1343 659 usus
1369 621 1456 673 ille,
1481 620 1531 660 de
1559 633 1639 673 quo
1665 619 1809 659 Baehr.
1833 620 1883 659 ad
1909 621 2066 674 Philop.
2078 622 2177 673 XV,
2194 636 2233 673 p.
2259 625 2355 662 188:

308 686 424 739 „sunu
452 688 502 728 de
525 690 570 728 iis
600 688 692 739 dici,
718 690 786 739 qui
809 691 852 727 in
877 676 1086 728 vadosa‘et
1112 696 1271 724 arenosa
1303 684 1389 723 loca
1413 691 1546 735 delati,
1571 687 1743 737 impacta
1768 688 1886 734 navi,
1919 688 1961 726 in
1994 686 2085 726 litus
2110 689 2218 738 quasi
2243 688 2355 737 ejici-

304 759 425 792 untur
449 755 607 793 monuit
631 751 778 793 Locell.
803 751 854 792 ad
865 750 1125 804 Xenophmt.
1150 748 1298 802 Ephae.
1312 747 1475 801 p·239.“
1492 771 1542 778 —
1566 749 1748 790 Conferri
1773 758 1900 804 potest
1921 750 2083 803 Kriiger
2105 750 2157 789 ad
2180 751 2351 790 Anabas.

308 816 410 865 VII,
436 819 472 870 6,
498 820 548 857 12
567 828 604 857 u.
628 818 712 865 13.)
739 817 789 856 de
814 819 859 856 iis
883 816 1073 868 denique,
1098 816 1166 867 qui
1193 827 1312 867 quam
1339 824 1597 867 conceperant
1621 816 1783 868 alicujus
1808 818 1866 855 rei
1891 829 2016 869 spem,
2037 829 2082 855 ea
2103 816 2353 868 dejiciuntur,

307 890 527 935 conatuque
551 883 802 934 frustrantur,
836 894 955 935 quem
980 892 1095 921 usum
1120 888 1252 921 nostro
1276 880 1365 919 loco
1391 879 1566 920 obtinere
1589 894 1671 921 non
1697 889 1776 934 est,
1801 881 1907 934 quod
1932 883 2051 922 fusius
2076 895 2287 934 moneam,
2312 881 2354 920 id

305 942 430 986 unum
456 947 612 1000 addens,
637 947 686 986 de
711 949 924 986 caussativo
949 943 1214 990 ἐκβάλλειν
1238 944 1347 984 idem
1372 944 1572 984 adnotasse
1597 946 1789 985 Heldium
1816 947 1866 985 ad
1890 947 2038 985 Timol.
2064 947 2166 985 XX.
2192 960 2232 998 R·
2257 948 2352 986 429.

304 1012 406 1055 hisee
431 1013 577 1052 verbis:
602 1009 842 1064 »ἐκβάλλειν
867 1018 1000 1051 autem
1026 1018 1133 1063 patet
1158 1009 1197 1050 h.
1222 1010 1249 1049 l.
1274 1023 1356 1049 non
1380 1012 1435 1049 ita
1460 1009 1631 1062 dictum,
1654 1018 1700 1049 ut
1722 1010 1911 1063 significet
1935 1025 2043 1063 eum,
2066 1013 2136 1063 qui
2160 1012 2249 1050 loco
2274 1012 2350 1050 ali-

303 1090 381 1129 quo
405 1079 474 1130 sit,
505 1076 597 1117 inde
635 1076 852 1129 expellere,
892 1076 959 1116 sed
983 1077 1112 1129 potius
1137 1088 1229 1115 eum
1243 1103 1257 1128 ,
1294 1075 1361 1128 qui
1383 1076 1471 1127 jure
1497 1074 1670 1128 quodam
1702 1088 1774 1115 suo
1799 1077 1842 1115 in
1866 1076 1998 1115 locum
2023 1076 2199 1129 aliquem
2225 1082 2352 1117 tendat

303 1155 478 1195 eumque
504 1147 660 1184 oblinere
684 1148 852 1190 studeat,
876 1141 915 1180 h.
937 1143 1025 1194 jure
1050 1142 1220 1193 privare,
1244 1141 1402 1193 ejusque
1428 1143 1624 1192 potestatis
1648 1140 1812 1180 reddere
1837 1140 2134 1194 expertem.“—
2160 1141 2350 1182 Ceterum

300 1206 349 1245 de
375 1207 496 1246 verbo
521 1203 847 1258 παρασκευάζειν
876 1218 1001 1245 accus.
1031 1219 1066 1244 c.
1094 1207 1163 1244 inf.
1188 1206 1326 1257 juncto
1351 1205 1464 1245 adeas
1488 1205 1608 1245 Held.
1632 1204 1782 1246 Timol.
1811 1207 1931 1259 XVI,
1954 1221 1995 1259 p.
2022 1210 2114 1246 411.

421 1284 485 1332 ὠς
510 1285 600 1325 οὐκ
625 1281 737 1336 ἔχοι
764 1283 938 1334 λόγον,
963 1286 1104 1325 rationi
1129 1298 1212 1325 non
1237 1298 1316 1324 csse
1340 1293 1659 1337 consentaneum,
1683 1299 1854 1326 caussam
1874 1288 2034 1339 justam,
2058 1286 2243 1327 idoneam
2263 1300 2346 1327 non

304 1351 457 1404 adesse,
488 1350 664 1404 probari,
695 1350 847 1390 defendi
870 1350 982 1409 nullo
1007 1348 1127 1389 modo
1152 1361 1258 1402 pesse
1284 1355 1357 1388 etc.
1385 1349 1432 1388 cfi
1458 1349 1580 1388 Held.
1610 1349 1758 1389 Timol.
1788 1350 1874 1402 VI,
1909 1364 1950 1404 p.
1978 1353 2070 1391 340.
2108 1352 2201 1405 (qui
2225 1352 2346 1392 simssi

298 1416 419 1454 modo
445 1416 521 1454 dici
548 1413 670 1467 φύσιν
694 1413 814 1465 ἔχειν,
838 1423 1001 1454 naturae
1027 1428 1105 1454 esse
1134 1422 1460 1465 consentaneum,
1495 1414 1760 1462 demonstrat)
1789 1415 1947 1454 Sinten.
1974 1416 2118 1456 Periel.
2147 1418 2184 1468 l,
2207 1432 2249 1469 p.
2278 1421 2342 1456 56.

299 1472 680 1520 ἀποκτιννύναι.
734 1480 884 1519 Forma
908 1479 1020 1519 verbi
1045 1480 1186 1529 attIca,
1211 1478 1260 1516 cf.
1288 1477 1444 1516 Buttm.
1472 1476 1533 1530 II,
1556 1490 1597 1530 p.
1627 1481 1720 1530 175,
1744 1479 1957 1519 Plutarcho
1983 1480 2199 1520 admodum
2226 1482 2347 1521 fami-

300 1545 420 1594 liarIs3
448 1552 601 1596 praeter
625 1543 869 1585 infinitivum
896 1545 1052 1582 tertIam
1076 1556 1117 1595 p.
1140 1544 1243 1616 sing.
1273 1555 1399 1594 praes.
1424 1543 1646 1594 saepissime
1679 1543 1728 1582 ab
1755 1557 1803 1583 eo
1828 1546 2004 1585 invenies
2029 1554 2267 1619 usurpatam,
2293 1547 2342 1587 cf.

298 1610 418 1648 Arist.
446 1608 573 1647 XIX.
598 1609 667 1646 καὶ
693 1605 765 1646 τὸν
793 1605 1095 1659 Μαρδόνιον-
1121 1604 1225 1658 οὶνήρ
1253 1605 1521 1658 Σπαρτιάτης
1547 1606 1892 1647 αποκτί.ννυσι
1931 1609 2017 1649 Cat.
2045 1611 2343 1663 m.111.17'9a5-

299 1682 394 1724 τησε
422 1668 484 1712 ὔτι
511 1669 560 1723 δὴ
589 1674 738 1711 τοῦτον
766 1684 802 1710 τ.
830 1667 1059 1721 ἄνθρωπον
1086 1668 1221 1715 οὐδεὶς
1246 1669 1592 1708 ἀποκτίννυσι.
1620 1669 1705 1709 Cic.
1721 1670 1910 1711 XXXV.
1938 1672 2044 1724 μετὰ
2059 1677 2194 1713 mita
2207 1673 2342 1714 Κλώ-

297 1736 384 1774 διον
415 1732 491 1788 μὲν
524 1734 855 1775 ἀποκτίννυσι
896 1731 1063 1774 Μίλων.
1115 1732 1240 1773 Recte
1272 1731 1443 1772 formam
1479 1732 1581 1773 hanc
1613 1733 1810 1785 duplicato
1847 1736 1960 1776 scribi
1995 1751 2029 1774 ν.
2058 1738 2342 1779 demonstravit

300 1800 453 1840 Buttm.
481 1800 508 1840 l.
536 1800 566 1839 1.
595 1821 642 1828 —

418 1879 504 1919 οὐκ
531 1876 627 1934 ἔφη
655 1882 769 1919 νοῦν
795 1876 928 1930 ἔχειν
954 1876 1160 1925 αὐτούς.
1202 1877 1301 1917 cod.
1329 1876 1441 1916 Mon.
1479 1875 1555 1916 οὐκ
1588 1874 1719 1927 ἔχειν
1753 1882 1868 1918 νοῦν
1901 1876 1982 1933 ἔφη
2011 1881 2189 1929 αὐτούς,
2230 1886 2336 1935 quod

297 1946 490 1999 praeferre
497 1958 551 1997 se,
560 1946 633 1985 υἱεῖ
646 1946 731 1997 quis
747 1943 957 1997 synchysin
967 1951 1134 1983 statuere
1144 1943 1292 1996 mallet,
1303 1943 1461 1983 Hessius
1474 1942 1523 1982 ad
1531 1942 1680 1983 Timol.
1693 1944 1746 1983 V.
1757 1957 1798 1997 p.
1812 1946 1875 1984 83.
1892 1946 2078 1997 professus
2093 1956 2168 1996 est;
2189 1949 2338 1989 addidit

296 2010 532 2062 Schaeferus‚
551 2012 728 2062 ignorare
744 2023 837 2061 sese,
858 2010 1014 2062 vulgata
1028 2022 1104 2061 qua
1124 2008 1272 2048 laboret
1288 2008 1485 2062 synchysi,
1502 2011 1544 2049 in
1563 2011 1670 2061 cujus
1689 2012 1765 2050 viri
1783 2014 2026 2063 sententiam,
2047 2013 2152 2064 quod
2166 2014 2215 2053 ad
2237 2029 2337 2069 syn-

299 2077 435 2130 chysin
448 2076 558 2115 illam
576 2075 741 2114 llbenter
759 2074 950 2123 concedo;
976 2081 1148 2113 attamen
1165 2073 1268 2112 haud
1285 2073 1465 2126 diffitear,
1483 2073 1624 2113 habere
1637 2074 1737 2115 hanc
1755 2074 1801 2115 C.
1815 2076 1871 2115 M.
1885 2076 2104 2129 lectionem,
2124 2092 2202 2130 quo
2220 2080 2337 2120 blan-

298 2141 426 2180 diatur
451 2153 689 2193 magnopere
724 2147 840 2191 atque
864 2151 944 2178 sese
969 2137 1231 2177 commendet.
1274 2137 1439 2177 vVerum
1476 2139 1636 2191 quidem
1671 2147 1727 2178 est
1761 2140 1860 2180 Cod.
1887 2141 2001 2181 illum
2028 2156 2163 2195 „saepe
2189 2144 2335 2193 (verba

294 2214 384 2245 sunt
409 2207 537 2244 Hessii
562 2206 590 2242 l.
619 2205 669 2252 1.)
696 2205 816 2243 verba
847 2212 1095 2255 transponere
1119 2200 1280 2253 solere,“
1316 2204 1383 2243 sed
1407 2206 1462 2242 ita
1487 2204 1566 2243 fere
1578 2232 1592 2254 ,
1630 2208 1943 2256 transpositiones
1974 2208 2063 2245 illae
2099 2216 2141 2246 ut
2167 2222 2335 2250 manum

295 2270 461 2324 prodant
486 2269 633 2308 librarii
657 2268 763 2308 male
786 2267 927 2321 seduli,
952 2269 994 2308 in
1019 2280 1158 2308 eorum
1182 2268 1313 2307 locum
1327 2296 1341 2320 ,
1376 2280 1476 2321 quae
1500 2280 1626 2321 nova,
1649 2270 1852 2321 inusitata,
1876 2270 2079 2309 audaciore
2103 2272 2239 2324 paullo
2266 2287 2334 2314 ra-

295 2338 401 2374 tione
427 2334 527 2372 dicta
553 2341 670 2385 atque
708 2333 893 2372 collocata
920 2333 1122 2385 videntur,
1153 2334 1356 2385 vulgarem
1380 2333 1472 2371 talia
1498 2333 1674 2385 dicendi,
1710 2335 1990 2386 ordinandique
2015 2340 2211 2376 rationem
2238 2340 2333 2378 sub-

293 2402 494 2440 stituentis.
539 2397 601 2437 Ita
627 2400 669 2437 in
695 2397 870 2438 Marcell.
898 2412 932 2437 c.
960 2397 1107 2438 XXX.
1138 2400 1254 2438 ceteri
1278 2397 1426 2438 codices
1452 2411 1544 2437 cum
1569 2398 1799 2451 praebeant:
1826 2398 2083 2451 παραλόγοις
2110 2397 2236 2455 οὕτω,
2261 2417 2335 2444 ve-

294 2478 380 2505 ram
404 2462 510 2504 haud
535 2462 651 2502 dubie
663 2461 864 2502 Plutarchi
888 2470 1084 2503 servantes
1110 2476 1288 2515 manum,
1312 2461 1384 2512 (cf.
1403 2460 1547 2502 Baehr.
1574 2462 1625 2501 ad
1636 2462 1883 2515 Philopoem.
1913 2462 2037 2517 XIII,
2053 2478 2095 2518 p.
2113 2468 2167 2505 48
2193 2468 2332 2518 ‹rc-49.)

292 2534 335 2569 in
362 2530 411 2569 G.
440 2530 595 2569 Monac.
617 2535 745 2567 exstat
770 2523 882 2566 οὕτω
910 2527 1179 2580 παραλόγως.
1214 2528 1367 2568 Caesar.
1391 2542 1424 2567 c.
1439 2528 1572 2567 XVII
1599 2541 1671 2580 pro
1696 2528 1804 2579 vulg.
1831 2528 2020 2569 lectione:
2046 2528 2152 2583 μετὰ
2179 2530 2222 2570 δὲ
2246 2536 2334 2572 ’τῶν

293 2590 436 2633 ἄλλων
461 2591 602 2641 αὐτὸς,
627 2591 784 2632 Monac.
812 2588 940 2641 αὐτὸς
966 2589 1011 2634 δὲ
1038 2591 1145 2648 μετὰ
1170 2606 1206 2633 τ.
1233 2606 1289 2642 α.,
1315 2594 1381 2647 qui
1414 2592 1628 2633 verborum
1663 2591 1760 2632 ordo
1786 2599 1832 2631 ut
1856 2591 1963 2633 haud
1989 2593 2106 2635 dubie
2131 2604 2186 2635 est
2210 2597 2332 2636 usita-

292 2661 387 2710 tior,
424 2660 478 2697 ita
509 2671 545 2697 c.
574 2656 730 2698 Schaef.
756 2657 1059 2710 probabiliorem
1096 2672 1189 2698 eum
1225 2671 1306 2698 non
1342 2658 1518 2699 dixerim.
1554 2657 1659 2697 lbid.
1684 2657 1928 2699 XXXVII.
1951 2673 2024 2713 pro
2049 2670 2211 2700 ceteror.
2242 2663 2331 2702 lect.

290 2721 417 2762 πάλιν
442 2714 498 2762 αὖ
523 2722 581 2762 Μ.
608 2714 665 2763 αὖ
690 2721 837 2770 πάλιν,
874 2724 979 2775 quod
1003 2724 1355 2776 frequentissimum
1380 2738 1459 2765 esse
1483 2723 1588 2776 apud
1613 2723 1741 2774 Plut.,
1773 2725 1898 2802 rarqius
1922 2722 2048 2765 πάλιν
2074 2719 2131 2767 αὖ
2157 2727 2328 2767 demon-
